%YAML 1.1
%TAG !u! tag:unity3d.com,2011:
--- !u!1 &5337986600260257228
GameObject:
  m_ObjectHideFlags: 0
  m_CorrespondingSourceObject: {fileID: 0}
  m_PrefabInstance: {fileID: 0}
  m_PrefabAsset: {fileID: 0}
  serializedVersion: 6
  m_Component:
  - component: {fileID: 7133477686986970545}
  - component: {fileID: 3657010968684303144}
  - component: {fileID: 3127652607416076985}
  - component: {fileID: 408917733669059789}
  m_Layer: 5
  m_Name: BotonCerrar
  m_TagString: Untagged
  m_Icon: {fileID: 0}
  m_NavMeshLayer: 0
  m_StaticEditorFlags: 0
  m_IsActive: 1
--- !u!224 &7133477686986970545
RectTransform:
  m_ObjectHideFlags: 0
  m_CorrespondingSourceObject: {fileID: 0}
  m_PrefabInstance: {fileID: 0}
  m_PrefabAsset: {fileID: 0}
  m_GameObject: {fileID: 5337986600260257228}
  m_LocalRotation: {x: 0, y: 0, z: 0, w: 1}
  m_LocalPosition: {x: 0, y: 0, z: 0}
  m_LocalScale: {x: 1, y: 1, z: 1}
  m_Children: []
  m_Father: {fileID: 1827771614900139389}
  m_RootOrder: 2
  m_LocalEulerAnglesHint: {x: 0, y: 0, z: 0}
  m_AnchorMin: {x: 1, y: 1}
  m_AnchorMax: {x: 1, y: 1}
  m_AnchoredPosition: {x: -10, y: -10}
  m_SizeDelta: {x: 120, y: 120}
  m_Pivot: {x: 0.5, y: 0.5}
--- !u!222 &3657010968684303144
CanvasRenderer:
  m_ObjectHideFlags: 0
  m_CorrespondingSourceObject: {fileID: 0}
  m_PrefabInstance: {fileID: 0}
  m_PrefabAsset: {fileID: 0}
  m_GameObject: {fileID: 5337986600260257228}
  m_CullTransparentMesh: 0
--- !u!114 &3127652607416076985
MonoBehaviour:
  m_ObjectHideFlags: 0
  m_CorrespondingSourceObject: {fileID: 0}
  m_PrefabInstance: {fileID: 0}
  m_PrefabAsset: {fileID: 0}
  m_GameObject: {fileID: 5337986600260257228}
  m_Enabled: 1
  m_EditorHideFlags: 0
  m_Script: {fileID: -765806418, guid: f70555f144d8491a825f0804e09c671c, type: 3}
  m_Name: 
  m_EditorClassIdentifier: 
  m_Material: {fileID: 0}
  m_Color: {r: 1, g: 1, b: 1, a: 1}
  m_RaycastTarget: 1
  m_OnCullStateChanged:
    m_PersistentCalls:
      m_Calls: []
    m_TypeName: UnityEngine.UI.MaskableGraphic+CullStateChangedEvent, UnityEngine.UI,
      Version=1.0.0.0, Culture=neutral, PublicKeyToken=null
  m_Sprite: {fileID: 21300110, guid: f1a7fed1bc0800c4c812f6724ba51005, type: 3}
  m_Type: 0
  m_PreserveAspect: 0
  m_FillCenter: 1
  m_FillMethod: 4
  m_FillAmount: 1
  m_FillClockwise: 1
  m_FillOrigin: 0
  m_UseSpriteMesh: 0
--- !u!114 &408917733669059789
MonoBehaviour:
  m_ObjectHideFlags: 0
  m_CorrespondingSourceObject: {fileID: 0}
  m_PrefabInstance: {fileID: 0}
  m_PrefabAsset: {fileID: 0}
  m_GameObject: {fileID: 5337986600260257228}
  m_Enabled: 1
  m_EditorHideFlags: 0
  m_Script: {fileID: 1392445389, guid: f70555f144d8491a825f0804e09c671c, type: 3}
  m_Name: 
  m_EditorClassIdentifier: 
  m_Navigation:
    m_Mode: 3
    m_SelectOnUp: {fileID: 0}
    m_SelectOnDown: {fileID: 0}
    m_SelectOnLeft: {fileID: 0}
    m_SelectOnRight: {fileID: 0}
  m_Transition: 2
  m_Colors:
    m_NormalColor: {r: 1, g: 1, b: 1, a: 1}
    m_HighlightedColor: {r: 0.9607843, g: 0.9607843, b: 0.9607843, a: 1}
    m_PressedColor: {r: 0.78431374, g: 0.78431374, b: 0.78431374, a: 1}
    m_DisabledColor: {r: 0.78431374, g: 0.78431374, b: 0.78431374, a: 0.5019608}
    m_ColorMultiplier: 1
    m_FadeDuration: 0.1
  m_SpriteState:
    m_HighlightedSprite: {fileID: 21300110, guid: f1a7fed1bc0800c4c812f6724ba51005,
      type: 3}
    m_PressedSprite: {fileID: 21300114, guid: f1a7fed1bc0800c4c812f6724ba51005, type: 3}
    m_DisabledSprite: {fileID: 21300114, guid: f1a7fed1bc0800c4c812f6724ba51005, type: 3}
  m_AnimationTriggers:
    m_NormalTrigger: Normal
    m_HighlightedTrigger: Highlighted
    m_PressedTrigger: Pressed
    m_DisabledTrigger: Disabled
  m_Interactable: 1
  m_TargetGraphic: {fileID: 3127652607416076985}
  m_OnClick:
    m_PersistentCalls:
      m_Calls:
      - m_Target: {fileID: 8739289867753059274}
        m_MethodName: ShowPanel
        m_Mode: 6
        m_Arguments:
          m_ObjectArgument: {fileID: 0}
          m_ObjectArgumentAssemblyTypeName: UnityEngine.Object, UnityEngine
          m_IntArgument: 0
          m_FloatArgument: 0
          m_StringArgument: 
          m_BoolArgument: 0
        m_CallState: 2
    m_TypeName: UnityEngine.UI.Button+ButtonClickedEvent, UnityEngine.UI, Version=1.0.0.0,
      Culture=neutral, PublicKeyToken=null
--- !u!1 &7469035447183380630
GameObject:
  m_ObjectHideFlags: 0
  m_CorrespondingSourceObject: {fileID: 0}
  m_PrefabInstance: {fileID: 0}
  m_PrefabAsset: {fileID: 0}
  serializedVersion: 6
  m_Component:
  - component: {fileID: 1827771614900139389}
  - component: {fileID: 5841532425826455134}
  - component: {fileID: 6089895472026055066}
  - component: {fileID: 7182975926523144700}
  - component: {fileID: 8739289867753059274}
  m_Layer: 5
  m_Name: PanelInterfazBienvenida
  m_TagString: Untagged
  m_Icon: {fileID: 0}
  m_NavMeshLayer: 0
  m_StaticEditorFlags: 0
  m_IsActive: 1
--- !u!224 &1827771614900139389
RectTransform:
  m_ObjectHideFlags: 0
  m_CorrespondingSourceObject: {fileID: 0}
  m_PrefabInstance: {fileID: 0}
  m_PrefabAsset: {fileID: 0}
  m_GameObject: {fileID: 7469035447183380630}
  m_LocalRotation: {x: 0, y: 0, z: 0, w: 1}
  m_LocalPosition: {x: 0, y: 0, z: 0}
  m_LocalScale: {x: 1, y: 1, z: 1}
  m_Children:
  - {fileID: 2906122997751343664}
  - {fileID: 4792032949781105813}
  - {fileID: 7133477686986970545}
  m_Father: {fileID: 0}
  m_RootOrder: 0
  m_LocalEulerAnglesHint: {x: 0, y: 0, z: 0}
  m_AnchorMin: {x: 0.5, y: 0.5}
  m_AnchorMax: {x: 0.5, y: 0.5}
  m_AnchoredPosition: {x: 0, y: 0}
  m_SizeDelta: {x: 1300, y: 542}
  m_Pivot: {x: 0.5, y: 0.5}
--- !u!222 &5841532425826455134
CanvasRenderer:
  m_ObjectHideFlags: 0
  m_CorrespondingSourceObject: {fileID: 0}
  m_PrefabInstance: {fileID: 0}
  m_PrefabAsset: {fileID: 0}
  m_GameObject: {fileID: 7469035447183380630}
  m_CullTransparentMesh: 0
--- !u!114 &6089895472026055066
MonoBehaviour:
  m_ObjectHideFlags: 0
  m_CorrespondingSourceObject: {fileID: 0}
  m_PrefabInstance: {fileID: 0}
  m_PrefabAsset: {fileID: 0}
  m_GameObject: {fileID: 7469035447183380630}
  m_Enabled: 1
  m_EditorHideFlags: 0
  m_Script: {fileID: -765806418, guid: f70555f144d8491a825f0804e09c671c, type: 3}
  m_Name: 
  m_EditorClassIdentifier: 
  m_Material: {fileID: 0}
  m_Color: {r: 1, g: 1, b: 1, a: 1}
  m_RaycastTarget: 1
  m_OnCullStateChanged:
    m_PersistentCalls:
      m_Calls: []
    m_TypeName: UnityEngine.UI.MaskableGraphic+CullStateChangedEvent, UnityEngine.UI,
      Version=1.0.0.0, Culture=neutral, PublicKeyToken=null
  m_Sprite: {fileID: 21300012, guid: f1a7fed1bc0800c4c812f6724ba51005, type: 3}
  m_Type: 1
  m_PreserveAspect: 0
  m_FillCenter: 1
  m_FillMethod: 4
  m_FillAmount: 1
  m_FillClockwise: 1
  m_FillOrigin: 0
  m_UseSpriteMesh: 0
--- !u!225 &7182975926523144700
CanvasGroup:
  m_ObjectHideFlags: 0
  m_CorrespondingSourceObject: {fileID: 0}
  m_PrefabInstance: {fileID: 0}
  m_PrefabAsset: {fileID: 0}
  m_GameObject: {fileID: 7469035447183380630}
  m_Enabled: 1
  m_Alpha: 1
  m_Interactable: 1
  m_BlocksRaycasts: 1
  m_IgnoreParentGroups: 0
--- !u!114 &8739289867753059274
MonoBehaviour:
  m_ObjectHideFlags: 0
  m_CorrespondingSourceObject: {fileID: 0}
  m_PrefabInstance: {fileID: 0}
  m_PrefabAsset: {fileID: 0}
  m_GameObject: {fileID: 7469035447183380630}
  m_Enabled: 1
  m_EditorHideFlags: 0
  m_Script: {fileID: 11500000, guid: 935e51984d0a24f4cb4d42925af7d3e2, type: 3}
  m_Name: 
  m_EditorClassIdentifier: 
  soAnimationsCurvePanelUI: {fileID: 11400000, guid: f4a492932eae0c2418d1602bcd557c5c,
    type: 2}
  soImageBackgroundPanelConfiguration: {fileID: 11400000, guid: 6d9e87281e7bf434a9819cb7856cb299,
    type: 2}
  callEventOnShow: 0
  seShowPanel: {fileID: 0}
  callEventHidde: 0
  seHiddePanel: {fileID: 0}
--- !u!1001 &7138772968528612564
PrefabInstance:
  m_ObjectHideFlags: 0
  serializedVersion: 2
  m_Modification:
    m_TransformParent: {fileID: 1827771614900139389}
    m_Modifications:
    - target: {fileID: 5679829336038935945, guid: 937a901c2371fb34ba6a0fa0db2fc8e4,
        type: 3}
      propertyPath: m_Name
      value: ImageBackgroundTextWithTitle
      objectReference: {fileID: 0}
    - target: {fileID: 5679829336038935945, guid: 937a901c2371fb34ba6a0fa0db2fc8e4,
        type: 3}
      propertyPath: m_IsActive
      value: 1
      objectReference: {fileID: 0}
    - target: {fileID: 2419203367560839233, guid: 937a901c2371fb34ba6a0fa0db2fc8e4,
        type: 3}
      propertyPath: m_LocalPosition.x
      value: 0
      objectReference: {fileID: 0}
    - target: {fileID: 2419203367560839233, guid: 937a901c2371fb34ba6a0fa0db2fc8e4,
        type: 3}
      propertyPath: m_LocalPosition.y
      value: 0
      objectReference: {fileID: 0}
    - target: {fileID: 2419203367560839233, guid: 937a901c2371fb34ba6a0fa0db2fc8e4,
        type: 3}
      propertyPath: m_LocalPosition.z
      value: 0
      objectReference: {fileID: 0}
    - target: {fileID: 2419203367560839233, guid: 937a901c2371fb34ba6a0fa0db2fc8e4,
        type: 3}
      propertyPath: m_LocalRotation.x
      value: -0
      objectReference: {fileID: 0}
    - target: {fileID: 2419203367560839233, guid: 937a901c2371fb34ba6a0fa0db2fc8e4,
        type: 3}
      propertyPath: m_LocalRotation.y
      value: -0
      objectReference: {fileID: 0}
    - target: {fileID: 2419203367560839233, guid: 937a901c2371fb34ba6a0fa0db2fc8e4,
        type: 3}
      propertyPath: m_LocalRotation.z
      value: -0
      objectReference: {fileID: 0}
    - target: {fileID: 2419203367560839233, guid: 937a901c2371fb34ba6a0fa0db2fc8e4,
        type: 3}
      propertyPath: m_LocalRotation.w
      value: 1
      objectReference: {fileID: 0}
    - target: {fileID: 2419203367560839233, guid: 937a901c2371fb34ba6a0fa0db2fc8e4,
        type: 3}
      propertyPath: m_RootOrder
      value: 1
      objectReference: {fileID: 0}
    - target: {fileID: 2419203367560839233, guid: 937a901c2371fb34ba6a0fa0db2fc8e4,
        type: 3}
      propertyPath: m_LocalEulerAnglesHint.x
      value: 0
      objectReference: {fileID: 0}
    - target: {fileID: 2419203367560839233, guid: 937a901c2371fb34ba6a0fa0db2fc8e4,
        type: 3}
      propertyPath: m_LocalEulerAnglesHint.y
      value: 0
      objectReference: {fileID: 0}
    - target: {fileID: 2419203367560839233, guid: 937a901c2371fb34ba6a0fa0db2fc8e4,
        type: 3}
      propertyPath: m_LocalEulerAnglesHint.z
      value: 0
      objectReference: {fileID: 0}
    - target: {fileID: 2419203367560839233, guid: 937a901c2371fb34ba6a0fa0db2fc8e4,
        type: 3}
      propertyPath: m_AnchoredPosition.x
      value: 0
      objectReference: {fileID: 0}
    - target: {fileID: 2419203367560839233, guid: 937a901c2371fb34ba6a0fa0db2fc8e4,
        type: 3}
      propertyPath: m_AnchoredPosition.y
      value: 0
      objectReference: {fileID: 0}
    - target: {fileID: 2419203367560839233, guid: 937a901c2371fb34ba6a0fa0db2fc8e4,
        type: 3}
      propertyPath: m_SizeDelta.x
      value: 0
      objectReference: {fileID: 0}
    - target: {fileID: 2419203367560839233, guid: 937a901c2371fb34ba6a0fa0db2fc8e4,
        type: 3}
      propertyPath: m_SizeDelta.y
      value: 0
      objectReference: {fileID: 0}
    - target: {fileID: 2419203367560839233, guid: 937a901c2371fb34ba6a0fa0db2fc8e4,
        type: 3}
      propertyPath: m_AnchorMin.x
      value: 0.05
      objectReference: {fileID: 0}
    - target: {fileID: 2419203367560839233, guid: 937a901c2371fb34ba6a0fa0db2fc8e4,
        type: 3}
      propertyPath: m_AnchorMin.y
      value: 0.1
      objectReference: {fileID: 0}
    - target: {fileID: 2419203367560839233, guid: 937a901c2371fb34ba6a0fa0db2fc8e4,
        type: 3}
      propertyPath: m_AnchorMax.x
      value: 0.95
      objectReference: {fileID: 0}
    - target: {fileID: 2419203367560839233, guid: 937a901c2371fb34ba6a0fa0db2fc8e4,
        type: 3}
      propertyPath: m_AnchorMax.y
      value: 0.85
      objectReference: {fileID: 0}
    - target: {fileID: 2419203367560839233, guid: 937a901c2371fb34ba6a0fa0db2fc8e4,
        type: 3}
      propertyPath: m_Pivot.x
      value: 0.5
      objectReference: {fileID: 0}
    - target: {fileID: 2419203367560839233, guid: 937a901c2371fb34ba6a0fa0db2fc8e4,
        type: 3}
      propertyPath: m_Pivot.y
      value: 0.5
      objectReference: {fileID: 0}
    - target: {fileID: 8789877684503787484, guid: 937a901c2371fb34ba6a0fa0db2fc8e4,
        type: 3}
      propertyPath: m_AnchoredPosition.y
      value: 5.899994
      objectReference: {fileID: 0}
    - target: {fileID: 8789877684503787484, guid: 937a901c2371fb34ba6a0fa0db2fc8e4,
        type: 3}
      propertyPath: m_SizeDelta.y
      value: -11.7
      objectReference: {fileID: 0}
    - target: {fileID: 3924656636750752481, guid: 937a901c2371fb34ba6a0fa0db2fc8e4,
        type: 3}
      propertyPath: m_AnchorMax.x
      value: 0
      objectReference: {fileID: 0}
    - target: {fileID: 3924656636750752481, guid: 937a901c2371fb34ba6a0fa0db2fc8e4,
        type: 3}
      propertyPath: m_AnchorMax.y
      value: 0
      objectReference: {fileID: 0}
    - target: {fileID: 3924656636750752481, guid: 937a901c2371fb34ba6a0fa0db2fc8e4,
        type: 3}
      propertyPath: m_SizeDelta.x
      value: 0
      objectReference: {fileID: 0}
    - target: {fileID: 1883163107415342479, guid: 937a901c2371fb34ba6a0fa0db2fc8e4,
        type: 3}
      propertyPath: m_AnchoredPosition.x
      value: 0
      objectReference: {fileID: 0}
    - target: {fileID: 1883163107415342479, guid: 937a901c2371fb34ba6a0fa0db2fc8e4,
        type: 3}
      propertyPath: m_SizeDelta.y
      value: -18.89
      objectReference: {fileID: 0}
    - target: {fileID: 1883163107415342479, guid: 937a901c2371fb34ba6a0fa0db2fc8e4,
        type: 3}
      propertyPath: m_AnchoredPosition.y
      value: -14.86
      objectReference: {fileID: 0}
    - target: {fileID: 4925522607723937599, guid: 937a901c2371fb34ba6a0fa0db2fc8e4,
        type: 3}
      propertyPath: m_AnchoredPosition.y
      value: -0.00001061019
      objectReference: {fileID: 0}
    - target: {fileID: 4925522607723937599, guid: 937a901c2371fb34ba6a0fa0db2fc8e4,
        type: 3}
      propertyPath: m_SizeDelta.y
      value: 0
      objectReference: {fileID: 0}
    - target: {fileID: 8988202929111555167, guid: 937a901c2371fb34ba6a0fa0db2fc8e4,
        type: 3}
      propertyPath: m_AnchoredPosition.x
      value: 581.5
      objectReference: {fileID: 0}
    - target: {fileID: 8988202929111555167, guid: 937a901c2371fb34ba6a0fa0db2fc8e4,
        type: 3}
      propertyPath: m_SizeDelta.x
      value: 1063
      objectReference: {fileID: 0}
    - target: {fileID: 8988202929111555167, guid: 937a901c2371fb34ba6a0fa0db2fc8e4,
        type: 3}
      propertyPath: m_AnchorMin.y
      value: 0
      objectReference: {fileID: 0}
    - target: {fileID: 8988202929111555167, guid: 937a901c2371fb34ba6a0fa0db2fc8e4,
        type: 3}
      propertyPath: m_AnchorMax.y
      value: 0
      objectReference: {fileID: 0}
    - target: {fileID: 8988202929111555167, guid: 937a901c2371fb34ba6a0fa0db2fc8e4,
        type: 3}
      propertyPath: m_AnchoredPosition.y
      value: 0
      objectReference: {fileID: 0}
    - target: {fileID: 8988202929111555167, guid: 937a901c2371fb34ba6a0fa0db2fc8e4,
        type: 3}
      propertyPath: m_SizeDelta.y
      value: 0
      objectReference: {fileID: 0}
    - target: {fileID: 5003901836943469679, guid: 937a901c2371fb34ba6a0fa0db2fc8e4,
        type: 3}
      propertyPath: m_AnchorMax.x
      value: 0
      objectReference: {fileID: 0}
    - target: {fileID: 5003901836943469679, guid: 937a901c2371fb34ba6a0fa0db2fc8e4,
        type: 3}
      propertyPath: m_AnchorMax.y
      value: 0
      objectReference: {fileID: 0}
    - target: {fileID: 5003901836943469679, guid: 937a901c2371fb34ba6a0fa0db2fc8e4,
        type: 3}
      propertyPath: m_AnchorMin.y
      value: 0
      objectReference: {fileID: 0}
    - target: {fileID: 6214202092696340679, guid: 937a901c2371fb34ba6a0fa0db2fc8e4,
        type: 3}
      propertyPath: m_Value
      value: 1
      objectReference: {fileID: 0}
    - target: {fileID: 6214202092696340679, guid: 937a901c2371fb34ba6a0fa0db2fc8e4,
        type: 3}
      propertyPath: m_Size
      value: 0.8936371
      objectReference: {fileID: 0}
    - target: {fileID: 6056000940858886360, guid: 937a901c2371fb34ba6a0fa0db2fc8e4,
        type: 3}
      propertyPath: m_AnchoredPosition.x
      value: 581.5
      objectReference: {fileID: 0}
    - target: {fileID: 6056000940858886360, guid: 937a901c2371fb34ba6a0fa0db2fc8e4,
        type: 3}
      propertyPath: m_SizeDelta.x
      value: 1063
      objectReference: {fileID: 0}
    - target: {fileID: 6056000940858886360, guid: 937a901c2371fb34ba6a0fa0db2fc8e4,
        type: 3}
      propertyPath: m_AnchorMin.y
      value: 0
      objectReference: {fileID: 0}
    - target: {fileID: 6056000940858886360, guid: 937a901c2371fb34ba6a0fa0db2fc8e4,
        type: 3}
      propertyPath: m_AnchorMax.y
      value: 0
      objectReference: {fileID: 0}
    - target: {fileID: 6056000940858886360, guid: 937a901c2371fb34ba6a0fa0db2fc8e4,
        type: 3}
      propertyPath: m_AnchoredPosition.y
      value: 0
      objectReference: {fileID: 0}
    - target: {fileID: 6056000940858886360, guid: 937a901c2371fb34ba6a0fa0db2fc8e4,
        type: 3}
      propertyPath: m_SizeDelta.y
      value: 0
      objectReference: {fileID: 0}
    - target: {fileID: 9184134858404983825, guid: 937a901c2371fb34ba6a0fa0db2fc8e4,
        type: 3}
      propertyPath: m_textInfo.lineCount
      value: 9
      objectReference: {fileID: 0}
    - target: {fileID: 9184134858404983825, guid: 937a901c2371fb34ba6a0fa0db2fc8e4,
        type: 3}
      propertyPath: m_text
      value: 'sajdlkasjdkljsadlkjaslkdjaskldsasajdlkasjdkljsadlkjaslkdjaskldsasajdlkasjdkljsadlkjaslkdjaskldsasajdlkasjdkljsadlkjaslkdjaskldsasajdlkasjdkljsadlkjaslkdjaskldsasajdlkasjdkljsadlkjaslkdjaskldsasajdlkasjdkljsadlkjaslkdjaskldsasajdlkasjdkljsadlkjaslkdjaskldsasajdlkasjdkljsadlkjaslkdjasklasdasd

        asd

        asdasdasdasdasdas

        asddasdasdasdasdddd

        asasd as da sd as dasdasda sdasdas das d  asd  as d a

        daasdsasajdlkasjdkljsadlkjaslkdjaskldsa'
      objectReference: {fileID: 0}
    - target: {fileID: 9184134858404983825, guid: 937a901c2371fb34ba6a0fa0db2fc8e4,
        type: 3}
      propertyPath: m_textInfo.characterCount
      value: 427
      objectReference: {fileID: 0}
    - target: {fileID: 9184134858404983825, guid: 937a901c2371fb34ba6a0fa0db2fc8e4,
        type: 3}
      propertyPath: m_textInfo.spaceCount
      value: 19
      objectReference: {fileID: 0}
    - target: {fileID: 9184134858404983825, guid: 937a901c2371fb34ba6a0fa0db2fc8e4,
        type: 3}
      propertyPath: m_textInfo.wordCount
      value: 18
      objectReference: {fileID: 0}
    m_RemovedComponents: []
  m_SourcePrefab: {fileID: 100100000, guid: 937a901c2371fb34ba6a0fa0db2fc8e4, type: 3}
--- !u!224 &4792032949781105813 stripped
RectTransform:
  m_CorrespondingSourceObject: {fileID: 2419203367560839233, guid: 937a901c2371fb34ba6a0fa0db2fc8e4,
    type: 3}
  m_PrefabInstance: {fileID: 7138772968528612564}
  m_PrefabAsset: {fileID: 0}
--- !u!1001 &8779910721562632215
PrefabInstance:
  m_ObjectHideFlags: 0
  serializedVersion: 2
  m_Modification:
    m_TransformParent: {fileID: 1827771614900139389}
    m_Modifications:
    - target: {fileID: 5950498107782074715, guid: 160f93505d357b94f8f8d93252f785b7,
        type: 3}
      propertyPath: m_Name
      value: HeaderWindowWithText
      objectReference: {fileID: 0}
    - target: {fileID: 5950498107782074715, guid: 160f93505d357b94f8f8d93252f785b7,
        type: 3}
      propertyPath: m_IsActive
      value: 1
      objectReference: {fileID: 0}
    - target: {fileID: 5876103708440103463, guid: 160f93505d357b94f8f8d93252f785b7,
        type: 3}
      propertyPath: m_LocalPosition.x
      value: 0
      objectReference: {fileID: 0}
    - target: {fileID: 5876103708440103463, guid: 160f93505d357b94f8f8d93252f785b7,
        type: 3}
      propertyPath: m_LocalPosition.y
      value: 0
      objectReference: {fileID: 0}
    - target: {fileID: 5876103708440103463, guid: 160f93505d357b94f8f8d93252f785b7,
        type: 3}
      propertyPath: m_LocalPosition.z
      value: 0
      objectReference: {fileID: 0}
    - target: {fileID: 5876103708440103463, guid: 160f93505d357b94f8f8d93252f785b7,
        type: 3}
      propertyPath: m_LocalRotation.x
      value: 0
      objectReference: {fileID: 0}
    - target: {fileID: 5876103708440103463, guid: 160f93505d357b94f8f8d93252f785b7,
        type: 3}
      propertyPath: m_LocalRotation.y
      value: 0
      objectReference: {fileID: 0}
    - target: {fileID: 5876103708440103463, guid: 160f93505d357b94f8f8d93252f785b7,
        type: 3}
      propertyPath: m_LocalRotation.z
      value: 0
      objectReference: {fileID: 0}
    - target: {fileID: 5876103708440103463, guid: 160f93505d357b94f8f8d93252f785b7,
        type: 3}
      propertyPath: m_LocalRotation.w
      value: 1
      objectReference: {fileID: 0}
    - target: {fileID: 5876103708440103463, guid: 160f93505d357b94f8f8d93252f785b7,
        type: 3}
      propertyPath: m_RootOrder
      value: 0
      objectReference: {fileID: 0}
    - target: {fileID: 5876103708440103463, guid: 160f93505d357b94f8f8d93252f785b7,
        type: 3}
      propertyPath: m_LocalEulerAnglesHint.x
      value: 0
      objectReference: {fileID: 0}
    - target: {fileID: 5876103708440103463, guid: 160f93505d357b94f8f8d93252f785b7,
        type: 3}
      propertyPath: m_LocalEulerAnglesHint.y
      value: 0
      objectReference: {fileID: 0}
    - target: {fileID: 5876103708440103463, guid: 160f93505d357b94f8f8d93252f785b7,
        type: 3}
      propertyPath: m_LocalEulerAnglesHint.z
      value: 0
      objectReference: {fileID: 0}
    - target: {fileID: 5876103708440103463, guid: 160f93505d357b94f8f8d93252f785b7,
        type: 3}
      propertyPath: m_AnchoredPosition.x
      value: 0
      objectReference: {fileID: 0}
    - target: {fileID: 5876103708440103463, guid: 160f93505d357b94f8f8d93252f785b7,
        type: 3}
      propertyPath: m_AnchoredPosition.y
      value: 0
      objectReference: {fileID: 0}
    - target: {fileID: 5876103708440103463, guid: 160f93505d357b94f8f8d93252f785b7,
        type: 3}
      propertyPath: m_SizeDelta.x
      value: 0
      objectReference: {fileID: 0}
    - target: {fileID: 5876103708440103463, guid: 160f93505d357b94f8f8d93252f785b7,
        type: 3}
      propertyPath: m_SizeDelta.y
      value: 114
      objectReference: {fileID: 0}
    - target: {fileID: 5876103708440103463, guid: 160f93505d357b94f8f8d93252f785b7,
        type: 3}
      propertyPath: m_AnchorMin.x
      value: -0.03
      objectReference: {fileID: 0}
    - target: {fileID: 5876103708440103463, guid: 160f93505d357b94f8f8d93252f785b7,
        type: 3}
      propertyPath: m_AnchorMin.y
      value: 0.98
      objectReference: {fileID: 0}
    - target: {fileID: 5876103708440103463, guid: 160f93505d357b94f8f8d93252f785b7,
        type: 3}
      propertyPath: m_AnchorMax.x
      value: 0.91
      objectReference: {fileID: 0}
    - target: {fileID: 5876103708440103463, guid: 160f93505d357b94f8f8d93252f785b7,
        type: 3}
      propertyPath: m_AnchorMax.y
      value: 0.98
      objectReference: {fileID: 0}
    - target: {fileID: 5876103708440103463, guid: 160f93505d357b94f8f8d93252f785b7,
        type: 3}
      propertyPath: m_Pivot.x
      value: 0.5
      objectReference: {fileID: 0}
    - target: {fileID: 5876103708440103463, guid: 160f93505d357b94f8f8d93252f785b7,
        type: 3}
      propertyPath: m_Pivot.y
      value: 0.5
      objectReference: {fileID: 0}
    - target: {fileID: 5875698455382567607, guid: 160f93505d357b94f8f8d93252f785b7,
        type: 3}
      propertyPath: m_SizeDelta.x
      value: 315.65
      objectReference: {fileID: 0}
    - target: {fileID: 5950685038396704707, guid: 160f93505d357b94f8f8d93252f785b7,
        type: 3}
      propertyPath: m_Name
      value: TextSimuladorCultivoInvitro
      objectReference: {fileID: 0}
    - target: {fileID: 5950685038396704707, guid: 160f93505d357b94f8f8d93252f785b7,
        type: 3}
      propertyPath: m_IsActive
      value: 0
      objectReference: {fileID: 0}
    m_RemovedComponents: []
  m_SourcePrefab: {fileID: 100100000, guid: 160f93505d357b94f8f8d93252f785b7, type: 3}
--- !u!224 &2906122997751343664 stripped
RectTransform:
  m_CorrespondingSourceObject: {fileID: 5876103708440103463, guid: 160f93505d357b94f8f8d93252f785b7,
    type: 3}
  m_PrefabInstance: {fileID: 8779910721562632215}
  m_PrefabAsset: {fileID: 0}
