%YAML 1.1
%TAG !u! tag:unity3d.com,2011:
--- !u!1 &7469035447183380630
GameObject:
  m_ObjectHideFlags: 0
  m_CorrespondingSourceObject: {fileID: 0}
  m_PrefabInstance: {fileID: 0}
  m_PrefabAsset: {fileID: 0}
  serializedVersion: 6
  m_Component:
  - component: {fileID: 1827771614900139389}
  - component: {fileID: 5841532425826455134}
  - component: {fileID: 6089895472026055066}
  m_Layer: 5
  m_Name: PanelInterfazBienvenida
  m_TagString: Untagged
  m_Icon: {fileID: 0}
  m_NavMeshLayer: 0
  m_StaticEditorFlags: 0
  m_IsActive: 1
--- !u!224 &1827771614900139389
RectTransform:
  m_ObjectHideFlags: 0
  m_CorrespondingSourceObject: {fileID: 0}
  m_PrefabInstance: {fileID: 0}
  m_PrefabAsset: {fileID: 0}
  m_GameObject: {fileID: 7469035447183380630}
  m_LocalRotation: {x: 0, y: 0, z: 0, w: 1}
  m_LocalPosition: {x: 0, y: 0, z: 0}
  m_LocalScale: {x: 1, y: 1, z: 1}
  m_Children:
  - {fileID: 2906122997751343664}
  - {fileID: 4792032949781105813}
  m_Father: {fileID: 0}
  m_RootOrder: 0
  m_LocalEulerAnglesHint: {x: 0, y: 0, z: 0}
  m_AnchorMin: {x: 0.5, y: 0.5}
  m_AnchorMax: {x: 0.5, y: 0.5}
  m_AnchoredPosition: {x: 0, y: 154.4}
  m_SizeDelta: {x: 1302.1, y: 542.2}
  m_Pivot: {x: 0.5, y: 0.5}
--- !u!222 &5841532425826455134
CanvasRenderer:
  m_ObjectHideFlags: 0
  m_CorrespondingSourceObject: {fileID: 0}
  m_PrefabInstance: {fileID: 0}
  m_PrefabAsset: {fileID: 0}
  m_GameObject: {fileID: 7469035447183380630}
  m_CullTransparentMesh: 0
--- !u!114 &6089895472026055066
MonoBehaviour:
  m_ObjectHideFlags: 0
  m_CorrespondingSourceObject: {fileID: 0}
  m_PrefabInstance: {fileID: 0}
  m_PrefabAsset: {fileID: 0}
  m_GameObject: {fileID: 7469035447183380630}
  m_Enabled: 1
  m_EditorHideFlags: 0
  m_Script: {fileID: -765806418, guid: f70555f144d8491a825f0804e09c671c, type: 3}
  m_Name: 
  m_EditorClassIdentifier: 
  m_Material: {fileID: 0}
  m_Color: {r: 1, g: 1, b: 1, a: 1}
  m_RaycastTarget: 1
  m_OnCullStateChanged:
    m_PersistentCalls:
      m_Calls: []
    m_TypeName: UnityEngine.UI.MaskableGraphic+CullStateChangedEvent, UnityEngine.UI,
      Version=1.0.0.0, Culture=neutral, PublicKeyToken=null
  m_Sprite: {fileID: 21300012, guid: 1411ad9b2451db34cbde2d7367324aab, type: 3}
  m_Type: 1
  m_PreserveAspect: 0
  m_FillCenter: 1
  m_FillMethod: 4
  m_FillAmount: 1
  m_FillClockwise: 1
  m_FillOrigin: 0
  m_UseSpriteMesh: 0
--- !u!1001 &7138772968528612564
PrefabInstance:
  m_ObjectHideFlags: 0
  serializedVersion: 2
  m_Modification:
    m_TransformParent: {fileID: 1827771614900139389}
    m_Modifications:
    - target: {fileID: 5679829336038935945, guid: 937a901c2371fb34ba6a0fa0db2fc8e4,
        type: 3}
      propertyPath: m_Name
      value: ImageBackgroundTextWithTitle
      objectReference: {fileID: 0}
    - target: {fileID: 2419203367560839233, guid: 937a901c2371fb34ba6a0fa0db2fc8e4,
        type: 3}
      propertyPath: m_LocalPosition.x
      value: 0
      objectReference: {fileID: 0}
    - target: {fileID: 2419203367560839233, guid: 937a901c2371fb34ba6a0fa0db2fc8e4,
        type: 3}
      propertyPath: m_LocalPosition.y
      value: 0
      objectReference: {fileID: 0}
    - target: {fileID: 2419203367560839233, guid: 937a901c2371fb34ba6a0fa0db2fc8e4,
        type: 3}
      propertyPath: m_LocalPosition.z
      value: 0
      objectReference: {fileID: 0}
    - target: {fileID: 2419203367560839233, guid: 937a901c2371fb34ba6a0fa0db2fc8e4,
        type: 3}
      propertyPath: m_LocalRotation.x
      value: -0
      objectReference: {fileID: 0}
    - target: {fileID: 2419203367560839233, guid: 937a901c2371fb34ba6a0fa0db2fc8e4,
        type: 3}
      propertyPath: m_LocalRotation.y
      value: -0
      objectReference: {fileID: 0}
    - target: {fileID: 2419203367560839233, guid: 937a901c2371fb34ba6a0fa0db2fc8e4,
        type: 3}
      propertyPath: m_LocalRotation.z
      value: -0
      objectReference: {fileID: 0}
    - target: {fileID: 2419203367560839233, guid: 937a901c2371fb34ba6a0fa0db2fc8e4,
        type: 3}
      propertyPath: m_LocalRotation.w
      value: 1
      objectReference: {fileID: 0}
    - target: {fileID: 2419203367560839233, guid: 937a901c2371fb34ba6a0fa0db2fc8e4,
        type: 3}
      propertyPath: m_RootOrder
      value: 1
      objectReference: {fileID: 0}
    - target: {fileID: 2419203367560839233, guid: 937a901c2371fb34ba6a0fa0db2fc8e4,
        type: 3}
      propertyPath: m_LocalEulerAnglesHint.x
      value: 0
      objectReference: {fileID: 0}
    - target: {fileID: 2419203367560839233, guid: 937a901c2371fb34ba6a0fa0db2fc8e4,
        type: 3}
      propertyPath: m_LocalEulerAnglesHint.y
      value: 0
      objectReference: {fileID: 0}
    - target: {fileID: 2419203367560839233, guid: 937a901c2371fb34ba6a0fa0db2fc8e4,
        type: 3}
      propertyPath: m_LocalEulerAnglesHint.z
      value: 0
      objectReference: {fileID: 0}
    - target: {fileID: 2419203367560839233, guid: 937a901c2371fb34ba6a0fa0db2fc8e4,
        type: 3}
      propertyPath: m_AnchoredPosition.x
      value: 0
      objectReference: {fileID: 0}
    - target: {fileID: 2419203367560839233, guid: 937a901c2371fb34ba6a0fa0db2fc8e4,
        type: 3}
      propertyPath: m_AnchoredPosition.y
      value: 0
      objectReference: {fileID: 0}
    - target: {fileID: 2419203367560839233, guid: 937a901c2371fb34ba6a0fa0db2fc8e4,
        type: 3}
      propertyPath: m_SizeDelta.x
      value: 0
      objectReference: {fileID: 0}
    - target: {fileID: 2419203367560839233, guid: 937a901c2371fb34ba6a0fa0db2fc8e4,
        type: 3}
      propertyPath: m_SizeDelta.y
      value: 0
      objectReference: {fileID: 0}
    - target: {fileID: 2419203367560839233, guid: 937a901c2371fb34ba6a0fa0db2fc8e4,
        type: 3}
      propertyPath: m_AnchorMin.x
      value: 0.05
      objectReference: {fileID: 0}
    - target: {fileID: 2419203367560839233, guid: 937a901c2371fb34ba6a0fa0db2fc8e4,
        type: 3}
      propertyPath: m_AnchorMin.y
      value: 0.1
      objectReference: {fileID: 0}
    - target: {fileID: 2419203367560839233, guid: 937a901c2371fb34ba6a0fa0db2fc8e4,
        type: 3}
      propertyPath: m_AnchorMax.x
      value: 0.95
      objectReference: {fileID: 0}
    - target: {fileID: 2419203367560839233, guid: 937a901c2371fb34ba6a0fa0db2fc8e4,
        type: 3}
      propertyPath: m_AnchorMax.y
      value: 0.85
      objectReference: {fileID: 0}
    - target: {fileID: 2419203367560839233, guid: 937a901c2371fb34ba6a0fa0db2fc8e4,
        type: 3}
      propertyPath: m_Pivot.x
      value: 0.5
      objectReference: {fileID: 0}
    - target: {fileID: 2419203367560839233, guid: 937a901c2371fb34ba6a0fa0db2fc8e4,
        type: 3}
      propertyPath: m_Pivot.y
      value: 0.5
      objectReference: {fileID: 0}
    - target: {fileID: 4925522607723937599, guid: 937a901c2371fb34ba6a0fa0db2fc8e4,
        type: 3}
      propertyPath: m_AnchoredPosition.y
      value: -0.0000391307
      objectReference: {fileID: 0}
    - target: {fileID: 8988202929111555167, guid: 937a901c2371fb34ba6a0fa0db2fc8e4,
        type: 3}
      propertyPath: m_AnchoredPosition.x
      value: 582.445
      objectReference: {fileID: 0}
    - target: {fileID: 8988202929111555167, guid: 937a901c2371fb34ba6a0fa0db2fc8e4,
        type: 3}
      propertyPath: m_SizeDelta.x
      value: 1064.89
      objectReference: {fileID: 0}
    - target: {fileID: 6056000940858886360, guid: 937a901c2371fb34ba6a0fa0db2fc8e4,
        type: 3}
      propertyPath: m_AnchoredPosition.x
      value: 582.445
      objectReference: {fileID: 0}
    - target: {fileID: 6056000940858886360, guid: 937a901c2371fb34ba6a0fa0db2fc8e4,
        type: 3}
      propertyPath: m_SizeDelta.x
      value: 1064.89
      objectReference: {fileID: 0}
    - target: {fileID: 9184134858404983825, guid: 937a901c2371fb34ba6a0fa0db2fc8e4,
        type: 3}
      propertyPath: m_textInfo.lineCount
      value: 5
      objectReference: {fileID: 0}
    - target: {fileID: 6214202092696340679, guid: 937a901c2371fb34ba6a0fa0db2fc8e4,
        type: 3}
      propertyPath: m_Value
      value: 0
      objectReference: {fileID: 0}
    - target: {fileID: 6214202092696340679, guid: 937a901c2371fb34ba6a0fa0db2fc8e4,
        type: 3}
      propertyPath: m_Size
      value: 0.99999994
      objectReference: {fileID: 0}
    m_RemovedComponents: []
  m_SourcePrefab: {fileID: 100100000, guid: 937a901c2371fb34ba6a0fa0db2fc8e4, type: 3}
--- !u!224 &4792032949781105813 stripped
RectTransform:
  m_CorrespondingSourceObject: {fileID: 2419203367560839233, guid: 937a901c2371fb34ba6a0fa0db2fc8e4,
    type: 3}
  m_PrefabInstance: {fileID: 7138772968528612564}
  m_PrefabAsset: {fileID: 0}
--- !u!1001 &8779910721562632215
PrefabInstance:
  m_ObjectHideFlags: 0
  serializedVersion: 2
  m_Modification:
    m_TransformParent: {fileID: 1827771614900139389}
    m_Modifications:
    - target: {fileID: 5950498107782074715, guid: 160f93505d357b94f8f8d93252f785b7,
        type: 3}
      propertyPath: m_Name
      value: HeaderWindowWithText
      objectReference: {fileID: 0}
    - target: {fileID: 5876103708440103463, guid: 160f93505d357b94f8f8d93252f785b7,
        type: 3}
      propertyPath: m_LocalPosition.x
      value: 0
      objectReference: {fileID: 0}
    - target: {fileID: 5876103708440103463, guid: 160f93505d357b94f8f8d93252f785b7,
        type: 3}
      propertyPath: m_LocalPosition.y
      value: 0
      objectReference: {fileID: 0}
    - target: {fileID: 5876103708440103463, guid: 160f93505d357b94f8f8d93252f785b7,
        type: 3}
      propertyPath: m_LocalPosition.z
      value: 0
      objectReference: {fileID: 0}
    - target: {fileID: 5876103708440103463, guid: 160f93505d357b94f8f8d93252f785b7,
        type: 3}
      propertyPath: m_LocalRotation.x
      value: 0
      objectReference: {fileID: 0}
    - target: {fileID: 5876103708440103463, guid: 160f93505d357b94f8f8d93252f785b7,
        type: 3}
      propertyPath: m_LocalRotation.y
      value: 0
      objectReference: {fileID: 0}
    - target: {fileID: 5876103708440103463, guid: 160f93505d357b94f8f8d93252f785b7,
        type: 3}
      propertyPath: m_LocalRotation.z
      value: 0
      objectReference: {fileID: 0}
    - target: {fileID: 5876103708440103463, guid: 160f93505d357b94f8f8d93252f785b7,
        type: 3}
      propertyPath: m_LocalRotation.w
      value: 1
      objectReference: {fileID: 0}
    - target: {fileID: 5876103708440103463, guid: 160f93505d357b94f8f8d93252f785b7,
        type: 3}
      propertyPath: m_RootOrder
      value: 0
      objectReference: {fileID: 0}
    - target: {fileID: 5876103708440103463, guid: 160f93505d357b94f8f8d93252f785b7,
        type: 3}
      propertyPath: m_LocalEulerAnglesHint.x
      value: 0
      objectReference: {fileID: 0}
    - target: {fileID: 5876103708440103463, guid: 160f93505d357b94f8f8d93252f785b7,
        type: 3}
      propertyPath: m_LocalEulerAnglesHint.y
      value: 0
      objectReference: {fileID: 0}
    - target: {fileID: 5876103708440103463, guid: 160f93505d357b94f8f8d93252f785b7,
        type: 3}
      propertyPath: m_LocalEulerAnglesHint.z
      value: 0
      objectReference: {fileID: 0}
    - target: {fileID: 5876103708440103463, guid: 160f93505d357b94f8f8d93252f785b7,
        type: 3}
      propertyPath: m_AnchoredPosition.x
      value: 0
      objectReference: {fileID: 0}
    - target: {fileID: 5876103708440103463, guid: 160f93505d357b94f8f8d93252f785b7,
        type: 3}
      propertyPath: m_AnchoredPosition.y
      value: 0
      objectReference: {fileID: 0}
    - target: {fileID: 5876103708440103463, guid: 160f93505d357b94f8f8d93252f785b7,
        type: 3}
      propertyPath: m_SizeDelta.x
      value: 0
      objectReference: {fileID: 0}
    - target: {fileID: 5876103708440103463, guid: 160f93505d357b94f8f8d93252f785b7,
        type: 3}
      propertyPath: m_SizeDelta.y
      value: 114
      objectReference: {fileID: 0}
    - target: {fileID: 5876103708440103463, guid: 160f93505d357b94f8f8d93252f785b7,
        type: 3}
      propertyPath: m_AnchorMin.x
      value: -0.03
      objectReference: {fileID: 0}
    - target: {fileID: 5876103708440103463, guid: 160f93505d357b94f8f8d93252f785b7,
        type: 3}
      propertyPath: m_AnchorMin.y
      value: 0.98
      objectReference: {fileID: 0}
    - target: {fileID: 5876103708440103463, guid: 160f93505d357b94f8f8d93252f785b7,
        type: 3}
      propertyPath: m_AnchorMax.x
      value: 0.91
      objectReference: {fileID: 0}
    - target: {fileID: 5876103708440103463, guid: 160f93505d357b94f8f8d93252f785b7,
        type: 3}
      propertyPath: m_AnchorMax.y
      value: 0.98
      objectReference: {fileID: 0}
    - target: {fileID: 5876103708440103463, guid: 160f93505d357b94f8f8d93252f785b7,
        type: 3}
      propertyPath: m_Pivot.x
      value: 0.5
      objectReference: {fileID: 0}
    - target: {fileID: 5876103708440103463, guid: 160f93505d357b94f8f8d93252f785b7,
        type: 3}
      propertyPath: m_Pivot.y
      value: 0.5
      objectReference: {fileID: 0}
    m_RemovedComponents: []
  m_SourcePrefab: {fileID: 100100000, guid: 160f93505d357b94f8f8d93252f785b7, type: 3}
--- !u!224 &2906122997751343664 stripped
RectTransform:
  m_CorrespondingSourceObject: {fileID: 5876103708440103463, guid: 160f93505d357b94f8f8d93252f785b7,
    type: 3}
  m_PrefabInstance: {fileID: 8779910721562632215}
  m_PrefabAsset: {fileID: 0}
