%YAML 1.1
%TAG !u! tag:unity3d.com,2011:
--- !u!29 &1
OcclusionCullingSettings:
  m_ObjectHideFlags: 0
  serializedVersion: 2
  m_OcclusionBakeSettings:
    smallestOccluder: 5
    smallestHole: 0.25
    backfaceThreshold: 100
  m_SceneGUID: 00000000000000000000000000000000
  m_OcclusionCullingData: {fileID: 0}
--- !u!104 &2
RenderSettings:
  m_ObjectHideFlags: 0
  serializedVersion: 9
  m_Fog: 0
  m_FogColor: {r: 0.5, g: 0.5, b: 0.5, a: 1}
  m_FogMode: 3
  m_FogDensity: 0.01
  m_LinearFogStart: 0
  m_LinearFogEnd: 300
  m_AmbientSkyColor: {r: 0.212, g: 0.227, b: 0.259, a: 1}
  m_AmbientEquatorColor: {r: 0.114, g: 0.125, b: 0.133, a: 1}
  m_AmbientGroundColor: {r: 0.047, g: 0.043, b: 0.035, a: 1}
  m_AmbientIntensity: 1
  m_AmbientMode: 0
  m_SubtractiveShadowColor: {r: 0.42, g: 0.478, b: 0.627, a: 1}
  m_SkyboxMaterial: {fileID: 10304, guid: 0000000000000000f000000000000000, type: 0}
  m_HaloStrength: 0.5
  m_FlareStrength: 1
  m_FlareFadeSpeed: 3
  m_HaloTexture: {fileID: 0}
  m_SpotCookie: {fileID: 10001, guid: 0000000000000000e000000000000000, type: 0}
  m_DefaultReflectionMode: 0
  m_DefaultReflectionResolution: 128
  m_ReflectionBounces: 1
  m_ReflectionIntensity: 1
  m_CustomReflection: {fileID: 0}
  m_Sun: {fileID: 0}
  m_IndirectSpecularColor: {r: 0.37311947, g: 0.38074005, b: 0.35872722, a: 1}
  m_UseRadianceAmbientProbe: 0
--- !u!157 &3
LightmapSettings:
  m_ObjectHideFlags: 0
  serializedVersion: 11
  m_GIWorkflowMode: 0
  m_GISettings:
    serializedVersion: 2
    m_BounceScale: 1
    m_IndirectOutputScale: 1
    m_AlbedoBoost: 1
    m_EnvironmentLightingMode: 0
    m_EnableBakedLightmaps: 1
    m_EnableRealtimeLightmaps: 1
  m_LightmapEditorSettings:
    serializedVersion: 10
    m_Resolution: 2
    m_BakeResolution: 40
    m_AtlasSize: 1024
    m_AO: 0
    m_AOMaxDistance: 1
    m_CompAOExponent: 1
    m_CompAOExponentDirect: 0
    m_Padding: 2
    m_LightmapParameters: {fileID: 0}
    m_LightmapsBakeMode: 1
    m_TextureCompression: 1
    m_FinalGather: 0
    m_FinalGatherFiltering: 1
    m_FinalGatherRayCount: 256
    m_ReflectionCompression: 2
    m_MixedBakeMode: 2
    m_BakeBackend: 1
    m_PVRSampling: 1
    m_PVRDirectSampleCount: 32
    m_PVRSampleCount: 500
    m_PVRBounces: 2
    m_PVRFilterTypeDirect: 0
    m_PVRFilterTypeIndirect: 0
    m_PVRFilterTypeAO: 0
    m_PVRFilteringMode: 1
    m_PVRCulling: 1
    m_PVRFilteringGaussRadiusDirect: 1
    m_PVRFilteringGaussRadiusIndirect: 5
    m_PVRFilteringGaussRadiusAO: 2
    m_PVRFilteringAtrousPositionSigmaDirect: 0.5
    m_PVRFilteringAtrousPositionSigmaIndirect: 2
    m_PVRFilteringAtrousPositionSigmaAO: 1
    m_ShowResolutionOverlay: 1
  m_LightingDataAsset: {fileID: 0}
  m_UseShadowmask: 1
--- !u!196 &4
NavMeshSettings:
  serializedVersion: 2
  m_ObjectHideFlags: 0
  m_BuildSettings:
    serializedVersion: 2
    agentTypeID: 0
    agentRadius: 0.5
    agentHeight: 2
    agentSlope: 45
    agentClimb: 0.4
    ledgeDropHeight: 0
    maxJumpAcrossDistance: 0
    minRegionArea: 2
    manualCellSize: 0
    cellSize: 0.16666667
    manualTileSize: 0
    tileSize: 256
    accuratePlacement: 0
    debug:
      m_Flags: 0
  m_NavMeshData: {fileID: 0}
--- !u!1 &247177411
GameObject:
  m_ObjectHideFlags: 0
  m_CorrespondingSourceObject: {fileID: 0}
  m_PrefabInstance: {fileID: 0}
  m_PrefabAsset: {fileID: 0}
  serializedVersion: 6
  m_Component:
  - component: {fileID: 247177413}
  - component: {fileID: 247177412}
  - component: {fileID: 247177414}
  m_Layer: 0
  m_Name: InitSimulador
  m_TagString: Untagged
  m_Icon: {fileID: 0}
  m_NavMeshLayer: 0
  m_StaticEditorFlags: 0
  m_IsActive: 1
--- !u!114 &247177412
MonoBehaviour:
  m_ObjectHideFlags: 0
  m_CorrespondingSourceObject: {fileID: 0}
  m_PrefabInstance: {fileID: 0}
  m_PrefabAsset: {fileID: 0}
  m_GameObject: {fileID: 247177411}
  m_Enabled: 1
  m_EditorHideFlags: 0
  m_Script: {fileID: 11500000, guid: 4fe8e645cd06b9d4cb87e779b0bfb9c0, type: 3}
  m_Name: 
  m_EditorClassIdentifier: 
  seOnDictionaryLoaded: {fileID: 11400000, guid: eaf2401c8d45ecc40bf99a9dca463540,
    type: 2}
  EventDictionaryLoaded:
    m_PersistentCalls:
      m_Calls: []
    m_TypeName: UnityEngine.Events.UnityEvent, UnityEngine.CoreModule, Version=0.0.0.0,
      Culture=neutral, PublicKeyToken=null
  simulatorIsBilingual: {fileID: 11400000, guid: 4be914ebaa3c9a641a2ac59f341b81c7,
    type: 2}
  seOnPanelSelectIdiomClose: {fileID: 11400000, guid: 94ce167cd1e9ed743bee763563f6235c,
    type: 2}
  seOnPanelWellcomeClose: {fileID: 11400000, guid: 5fe0145c2cec948418b58f3abe5fc829,
    type: 2}
--- !u!4 &247177413
Transform:
  m_ObjectHideFlags: 0
  m_CorrespondingSourceObject: {fileID: 0}
  m_PrefabInstance: {fileID: 0}
  m_PrefabAsset: {fileID: 0}
  m_GameObject: {fileID: 247177411}
  m_LocalRotation: {x: 0, y: 0, z: 0, w: 1}
  m_LocalPosition: {x: 560.6577, y: 180.577, z: 2.75}
  m_LocalScale: {x: 1, y: 1, z: 1}
  m_Children: []
  m_Father: {fileID: 0}
  m_RootOrder: 4
  m_LocalEulerAnglesHint: {x: 0, y: 0, z: 0}
--- !u!114 &247177414
MonoBehaviour:
  m_ObjectHideFlags: 0
  m_CorrespondingSourceObject: {fileID: 0}
  m_PrefabInstance: {fileID: 0}
  m_PrefabAsset: {fileID: 0}
  m_GameObject: {fileID: 247177411}
  m_Enabled: 1
  m_EditorHideFlags: 0
  m_Script: {fileID: 11500000, guid: fdadabfab170ccb44bee415611b2763b, type: 3}
  m_Name: 
  m_EditorClassIdentifier: 
  configuracionSeguridad: {fileID: 11400000, guid: 8d91999826e89df44939cd18c86c55bd,
    type: 2}
  inputLoguin2campos:
  - {fileID: 427016784}
  - {fileID: 427016783}
  webGLcodigoSituacion: 
--- !u!1001 &427016781
PrefabInstance:
  m_ObjectHideFlags: 0
  serializedVersion: 2
  m_Modification:
    m_TransformParent: {fileID: 2020246313}
    m_Modifications:
    - target: {fileID: 1895688742607711042, guid: e8915961900e7bc47a3c54bfb738a826,
        type: 3}
      propertyPath: m_Name
      value: PanelLogin2Campos
      objectReference: {fileID: 0}
    - target: {fileID: 1895688742607711042, guid: e8915961900e7bc47a3c54bfb738a826,
        type: 3}
      propertyPath: m_IsActive
      value: 0
      objectReference: {fileID: 0}
    - target: {fileID: 1825244527194366544, guid: e8915961900e7bc47a3c54bfb738a826,
        type: 3}
      propertyPath: m_LocalPosition.x
      value: 0
      objectReference: {fileID: 0}
    - target: {fileID: 1825244527194366544, guid: e8915961900e7bc47a3c54bfb738a826,
        type: 3}
      propertyPath: m_LocalPosition.y
      value: 0
      objectReference: {fileID: 0}
    - target: {fileID: 1825244527194366544, guid: e8915961900e7bc47a3c54bfb738a826,
        type: 3}
      propertyPath: m_LocalPosition.z
      value: 0
      objectReference: {fileID: 0}
    - target: {fileID: 1825244527194366544, guid: e8915961900e7bc47a3c54bfb738a826,
        type: 3}
      propertyPath: m_LocalRotation.x
      value: 0
      objectReference: {fileID: 0}
    - target: {fileID: 1825244527194366544, guid: e8915961900e7bc47a3c54bfb738a826,
        type: 3}
      propertyPath: m_LocalRotation.y
      value: 0
      objectReference: {fileID: 0}
    - target: {fileID: 1825244527194366544, guid: e8915961900e7bc47a3c54bfb738a826,
        type: 3}
      propertyPath: m_LocalRotation.z
      value: 0
      objectReference: {fileID: 0}
    - target: {fileID: 1825244527194366544, guid: e8915961900e7bc47a3c54bfb738a826,
        type: 3}
      propertyPath: m_LocalRotation.w
      value: 1
      objectReference: {fileID: 0}
    - target: {fileID: 1825244527194366544, guid: e8915961900e7bc47a3c54bfb738a826,
        type: 3}
      propertyPath: m_RootOrder
      value: 0
      objectReference: {fileID: 0}
    - target: {fileID: 1825244527194366544, guid: e8915961900e7bc47a3c54bfb738a826,
        type: 3}
      propertyPath: m_LocalEulerAnglesHint.x
      value: 0
      objectReference: {fileID: 0}
    - target: {fileID: 1825244527194366544, guid: e8915961900e7bc47a3c54bfb738a826,
        type: 3}
      propertyPath: m_LocalEulerAnglesHint.y
      value: 0
      objectReference: {fileID: 0}
    - target: {fileID: 1825244527194366544, guid: e8915961900e7bc47a3c54bfb738a826,
        type: 3}
      propertyPath: m_LocalEulerAnglesHint.z
      value: 0
      objectReference: {fileID: 0}
    - target: {fileID: 1825244527194366544, guid: e8915961900e7bc47a3c54bfb738a826,
        type: 3}
      propertyPath: m_AnchoredPosition.x
      value: 0
      objectReference: {fileID: 0}
    - target: {fileID: 1825244527194366544, guid: e8915961900e7bc47a3c54bfb738a826,
        type: 3}
      propertyPath: m_AnchoredPosition.y
      value: 0
      objectReference: {fileID: 0}
    - target: {fileID: 1825244527194366544, guid: e8915961900e7bc47a3c54bfb738a826,
        type: 3}
      propertyPath: m_SizeDelta.x
      value: 825
      objectReference: {fileID: 0}
    - target: {fileID: 1825244527194366544, guid: e8915961900e7bc47a3c54bfb738a826,
        type: 3}
      propertyPath: m_SizeDelta.y
      value: 548.7
      objectReference: {fileID: 0}
    - target: {fileID: 1825244527194366544, guid: e8915961900e7bc47a3c54bfb738a826,
        type: 3}
      propertyPath: m_AnchorMin.x
      value: 0.5
      objectReference: {fileID: 0}
    - target: {fileID: 1825244527194366544, guid: e8915961900e7bc47a3c54bfb738a826,
        type: 3}
      propertyPath: m_AnchorMin.y
      value: 0.5
      objectReference: {fileID: 0}
    - target: {fileID: 1825244527194366544, guid: e8915961900e7bc47a3c54bfb738a826,
        type: 3}
      propertyPath: m_AnchorMax.x
      value: 0.5
      objectReference: {fileID: 0}
    - target: {fileID: 1825244527194366544, guid: e8915961900e7bc47a3c54bfb738a826,
        type: 3}
      propertyPath: m_AnchorMax.y
      value: 0.5
      objectReference: {fileID: 0}
    - target: {fileID: 1825244527194366544, guid: e8915961900e7bc47a3c54bfb738a826,
        type: 3}
      propertyPath: m_Pivot.x
      value: 0.5
      objectReference: {fileID: 0}
    - target: {fileID: 1825244527194366544, guid: e8915961900e7bc47a3c54bfb738a826,
        type: 3}
      propertyPath: m_Pivot.y
      value: 0.5
      objectReference: {fileID: 0}
    - target: {fileID: 1825725211524041130, guid: e8915961900e7bc47a3c54bfb738a826,
        type: 3}
      propertyPath: m_AnchorMin.y
      value: 0
      objectReference: {fileID: 0}
    - target: {fileID: 1825725211524041130, guid: e8915961900e7bc47a3c54bfb738a826,
        type: 3}
      propertyPath: m_AnchorMax.y
      value: 0
      objectReference: {fileID: 0}
    - target: {fileID: 1825725211524041130, guid: e8915961900e7bc47a3c54bfb738a826,
        type: 3}
      propertyPath: m_AnchoredPosition.x
      value: 0
      objectReference: {fileID: 0}
    - target: {fileID: 1825725211524041130, guid: e8915961900e7bc47a3c54bfb738a826,
        type: 3}
      propertyPath: m_AnchoredPosition.y
      value: 0
      objectReference: {fileID: 0}
    - target: {fileID: 6065561529499508448, guid: e8915961900e7bc47a3c54bfb738a826,
        type: 3}
      propertyPath: m_AnchorMin.y
      value: 0
      objectReference: {fileID: 0}
    - target: {fileID: 6065561529499508448, guid: e8915961900e7bc47a3c54bfb738a826,
        type: 3}
      propertyPath: m_AnchorMax.y
      value: 0
      objectReference: {fileID: 0}
    - target: {fileID: 6065561529499508448, guid: e8915961900e7bc47a3c54bfb738a826,
        type: 3}
      propertyPath: m_AnchoredPosition.x
      value: 0
      objectReference: {fileID: 0}
    - target: {fileID: 6065561529499508448, guid: e8915961900e7bc47a3c54bfb738a826,
        type: 3}
      propertyPath: m_AnchoredPosition.y
      value: 0
      objectReference: {fileID: 0}
    - target: {fileID: 1246012650345380396, guid: e8915961900e7bc47a3c54bfb738a826,
        type: 3}
      propertyPath: m_AnchorMin.y
      value: 0
      objectReference: {fileID: 0}
    - target: {fileID: 1246012650345380396, guid: e8915961900e7bc47a3c54bfb738a826,
        type: 3}
      propertyPath: m_AnchorMax.y
      value: 0
      objectReference: {fileID: 0}
    - target: {fileID: 1246012650345380396, guid: e8915961900e7bc47a3c54bfb738a826,
        type: 3}
      propertyPath: m_AnchoredPosition.x
      value: 0
      objectReference: {fileID: 0}
    - target: {fileID: 1246012650345380396, guid: e8915961900e7bc47a3c54bfb738a826,
        type: 3}
      propertyPath: m_AnchoredPosition.y
      value: 0
      objectReference: {fileID: 0}
    - target: {fileID: 5101996223881120233, guid: e8915961900e7bc47a3c54bfb738a826,
        type: 3}
      propertyPath: m_SizeDelta.x
      value: 0
      objectReference: {fileID: 0}
    - target: {fileID: 4380576092742571477, guid: e8915961900e7bc47a3c54bfb738a826,
        type: 3}
      propertyPath: m_SizeDelta.x
      value: 0
      objectReference: {fileID: 0}
    - target: {fileID: 4380576092742571477, guid: e8915961900e7bc47a3c54bfb738a826,
        type: 3}
      propertyPath: m_SizeDelta.y
      value: 0
      objectReference: {fileID: 0}
    - target: {fileID: 8767773224794599705, guid: e8915961900e7bc47a3c54bfb738a826,
        type: 3}
      propertyPath: m_SizeDelta.x
      value: 0
      objectReference: {fileID: 0}
    - target: {fileID: 8767773224794599705, guid: e8915961900e7bc47a3c54bfb738a826,
        type: 3}
      propertyPath: m_SizeDelta.y
      value: 0
      objectReference: {fileID: 0}
    - target: {fileID: 5932010418704740999, guid: e8915961900e7bc47a3c54bfb738a826,
        type: 3}
      propertyPath: m_AnchoredPosition.y
      value: 0
      objectReference: {fileID: 0}
    - target: {fileID: 5932010418704740999, guid: e8915961900e7bc47a3c54bfb738a826,
        type: 3}
      propertyPath: m_SizeDelta.y
      value: 0
      objectReference: {fileID: 0}
    - target: {fileID: 1672297810518775371, guid: e8915961900e7bc47a3c54bfb738a826,
        type: 3}
      propertyPath: m_AnchoredPosition.y
      value: 0
      objectReference: {fileID: 0}
    - target: {fileID: 1672297810518775371, guid: e8915961900e7bc47a3c54bfb738a826,
        type: 3}
      propertyPath: m_SizeDelta.y
      value: 0
      objectReference: {fileID: 0}
    - target: {fileID: 2007913851566239934, guid: e8915961900e7bc47a3c54bfb738a826,
        type: 3}
      propertyPath: soSecurityData
      value: 
      objectReference: {fileID: 11400000, guid: b7bf4af24e1a0094881782249113c590,
        type: 2}
    - target: {fileID: 2007913851566239934, guid: e8915961900e7bc47a3c54bfb738a826,
        type: 3}
      propertyPath: callEventHidde
      value: 1
      objectReference: {fileID: 0}
    - target: {fileID: 2007913851566239934, guid: e8915961900e7bc47a3c54bfb738a826,
        type: 3}
      propertyPath: seHiddePanel
      value: 
      objectReference: {fileID: 11400000, guid: 242294e4078e44542b86002c09f0a82e,
        type: 2}
    m_RemovedComponents: []
  m_SourcePrefab: {fileID: 100100000, guid: e8915961900e7bc47a3c54bfb738a826, type: 3}
--- !u!224 &427016782 stripped
RectTransform:
  m_CorrespondingSourceObject: {fileID: 1825244527194366544, guid: e8915961900e7bc47a3c54bfb738a826,
    type: 3}
  m_PrefabInstance: {fileID: 427016781}
  m_PrefabAsset: {fileID: 0}
--- !u!114 &427016783 stripped
MonoBehaviour:
  m_CorrespondingSourceObject: {fileID: 76822821819502497, guid: e8915961900e7bc47a3c54bfb738a826,
    type: 3}
  m_PrefabInstance: {fileID: 427016781}
  m_PrefabAsset: {fileID: 0}
  m_GameObject: {fileID: 0}
  m_Enabled: 1
  m_EditorHideFlags: 0
  m_Script: {fileID: 11500000, guid: 2da0c512f12947e489f739169773d7ca, type: 3}
  m_Name: 
  m_EditorClassIdentifier: 
--- !u!114 &427016784 stripped
MonoBehaviour:
  m_CorrespondingSourceObject: {fileID: 4933517501689277293, guid: e8915961900e7bc47a3c54bfb738a826,
    type: 3}
  m_PrefabInstance: {fileID: 427016781}
  m_PrefabAsset: {fileID: 0}
  m_GameObject: {fileID: 0}
  m_Enabled: 1
  m_EditorHideFlags: 0
  m_Script: {fileID: 11500000, guid: 2da0c512f12947e489f739169773d7ca, type: 3}
  m_Name: 
  m_EditorClassIdentifier: 
--- !u!1 &508005316
GameObject:
  m_ObjectHideFlags: 0
  m_CorrespondingSourceObject: {fileID: 0}
  m_PrefabInstance: {fileID: 0}
  m_PrefabAsset: {fileID: 0}
  serializedVersion: 6
  m_Component:
  - component: {fileID: 508005319}
  - component: {fileID: 508005318}
  - component: {fileID: 508005317}
  m_Layer: 0
  m_Name: EventSystem
  m_TagString: Untagged
  m_Icon: {fileID: 0}
  m_NavMeshLayer: 0
  m_StaticEditorFlags: 0
  m_IsActive: 1
--- !u!114 &508005317
MonoBehaviour:
  m_ObjectHideFlags: 0
  m_CorrespondingSourceObject: {fileID: 0}
  m_PrefabInstance: {fileID: 0}
  m_PrefabAsset: {fileID: 0}
  m_GameObject: {fileID: 508005316}
  m_Enabled: 1
  m_EditorHideFlags: 0
  m_Script: {fileID: 1077351063, guid: f70555f144d8491a825f0804e09c671c, type: 3}
  m_Name: 
  m_EditorClassIdentifier: 
  m_HorizontalAxis: Horizontal
  m_VerticalAxis: Vertical
  m_SubmitButton: Submit
  m_CancelButton: Cancel
  m_InputActionsPerSecond: 10
  m_RepeatDelay: 0.5
  m_ForceModuleActive: 0
--- !u!114 &508005318
MonoBehaviour:
  m_ObjectHideFlags: 0
  m_CorrespondingSourceObject: {fileID: 0}
  m_PrefabInstance: {fileID: 0}
  m_PrefabAsset: {fileID: 0}
  m_GameObject: {fileID: 508005316}
  m_Enabled: 1
  m_EditorHideFlags: 0
  m_Script: {fileID: -619905303, guid: f70555f144d8491a825f0804e09c671c, type: 3}
  m_Name: 
  m_EditorClassIdentifier: 
  m_FirstSelected: {fileID: 0}
  m_sendNavigationEvents: 1
  m_DragThreshold: 10
--- !u!4 &508005319
Transform:
  m_ObjectHideFlags: 0
  m_CorrespondingSourceObject: {fileID: 0}
  m_PrefabInstance: {fileID: 0}
  m_PrefabAsset: {fileID: 0}
  m_GameObject: {fileID: 508005316}
  m_LocalRotation: {x: 0, y: 0, z: 0, w: 1}
  m_LocalPosition: {x: 0, y: 0, z: 0}
  m_LocalScale: {x: 1, y: 1, z: 1}
  m_Children: []
  m_Father: {fileID: 0}
  m_RootOrder: 1
  m_LocalEulerAnglesHint: {x: 0, y: 0, z: 0}
--- !u!1001 &514485881
PrefabInstance:
  m_ObjectHideFlags: 0
  serializedVersion: 2
  m_Modification:
    m_TransformParent: {fileID: 2020246313}
    m_Modifications:
    - target: {fileID: 6556531412937722251, guid: 32d9ccdce5b019d45a79df0dd77958ae,
        type: 3}
      propertyPath: m_Name
      value: PanelSeleccionLenguajeInglesEspaniol
      objectReference: {fileID: 0}
    - target: {fileID: 6477686905777479851, guid: 32d9ccdce5b019d45a79df0dd77958ae,
        type: 3}
      propertyPath: m_LocalPosition.x
      value: 0
      objectReference: {fileID: 0}
    - target: {fileID: 6477686905777479851, guid: 32d9ccdce5b019d45a79df0dd77958ae,
        type: 3}
      propertyPath: m_LocalPosition.y
      value: 0
      objectReference: {fileID: 0}
    - target: {fileID: 6477686905777479851, guid: 32d9ccdce5b019d45a79df0dd77958ae,
        type: 3}
      propertyPath: m_LocalPosition.z
      value: 0
      objectReference: {fileID: 0}
    - target: {fileID: 6477686905777479851, guid: 32d9ccdce5b019d45a79df0dd77958ae,
        type: 3}
      propertyPath: m_LocalRotation.x
      value: 0
      objectReference: {fileID: 0}
    - target: {fileID: 6477686905777479851, guid: 32d9ccdce5b019d45a79df0dd77958ae,
        type: 3}
      propertyPath: m_LocalRotation.y
      value: 0
      objectReference: {fileID: 0}
    - target: {fileID: 6477686905777479851, guid: 32d9ccdce5b019d45a79df0dd77958ae,
        type: 3}
      propertyPath: m_LocalRotation.z
      value: 0
      objectReference: {fileID: 0}
    - target: {fileID: 6477686905777479851, guid: 32d9ccdce5b019d45a79df0dd77958ae,
        type: 3}
      propertyPath: m_LocalRotation.w
      value: 1
      objectReference: {fileID: 0}
    - target: {fileID: 6477686905777479851, guid: 32d9ccdce5b019d45a79df0dd77958ae,
        type: 3}
      propertyPath: m_RootOrder
      value: 2
      objectReference: {fileID: 0}
    - target: {fileID: 6477686905777479851, guid: 32d9ccdce5b019d45a79df0dd77958ae,
        type: 3}
      propertyPath: m_LocalEulerAnglesHint.x
      value: 0
      objectReference: {fileID: 0}
    - target: {fileID: 6477686905777479851, guid: 32d9ccdce5b019d45a79df0dd77958ae,
        type: 3}
      propertyPath: m_LocalEulerAnglesHint.y
      value: 0
      objectReference: {fileID: 0}
    - target: {fileID: 6477686905777479851, guid: 32d9ccdce5b019d45a79df0dd77958ae,
        type: 3}
      propertyPath: m_LocalEulerAnglesHint.z
      value: 0
      objectReference: {fileID: 0}
    - target: {fileID: 6477686905777479851, guid: 32d9ccdce5b019d45a79df0dd77958ae,
        type: 3}
      propertyPath: m_AnchoredPosition.x
      value: 0
      objectReference: {fileID: 0}
    - target: {fileID: 6477686905777479851, guid: 32d9ccdce5b019d45a79df0dd77958ae,
        type: 3}
      propertyPath: m_AnchoredPosition.y
      value: 0
      objectReference: {fileID: 0}
    - target: {fileID: 6477686905777479851, guid: 32d9ccdce5b019d45a79df0dd77958ae,
        type: 3}
      propertyPath: m_SizeDelta.x
      value: 825
      objectReference: {fileID: 0}
    - target: {fileID: 6477686905777479851, guid: 32d9ccdce5b019d45a79df0dd77958ae,
        type: 3}
      propertyPath: m_SizeDelta.y
      value: 695
      objectReference: {fileID: 0}
    - target: {fileID: 6477686905777479851, guid: 32d9ccdce5b019d45a79df0dd77958ae,
        type: 3}
      propertyPath: m_AnchorMin.x
      value: 0.5
      objectReference: {fileID: 0}
    - target: {fileID: 6477686905777479851, guid: 32d9ccdce5b019d45a79df0dd77958ae,
        type: 3}
      propertyPath: m_AnchorMin.y
      value: 0.5
      objectReference: {fileID: 0}
    - target: {fileID: 6477686905777479851, guid: 32d9ccdce5b019d45a79df0dd77958ae,
        type: 3}
      propertyPath: m_AnchorMax.x
      value: 0.5
      objectReference: {fileID: 0}
    - target: {fileID: 6477686905777479851, guid: 32d9ccdce5b019d45a79df0dd77958ae,
        type: 3}
      propertyPath: m_AnchorMax.y
      value: 0.5
      objectReference: {fileID: 0}
    - target: {fileID: 6477686905777479851, guid: 32d9ccdce5b019d45a79df0dd77958ae,
        type: 3}
      propertyPath: m_Pivot.x
      value: 0.5
      objectReference: {fileID: 0}
    - target: {fileID: 6477686905777479851, guid: 32d9ccdce5b019d45a79df0dd77958ae,
        type: 3}
      propertyPath: m_Pivot.y
      value: 0.5
      objectReference: {fileID: 0}
    - target: {fileID: 6703041626514483191, guid: 32d9ccdce5b019d45a79df0dd77958ae,
        type: 3}
      propertyPath: m_OnClick.m_PersistentCalls.m_Calls.Array.size
      value: 2
      objectReference: {fileID: 0}
    - target: {fileID: 6703041626514483191, guid: 32d9ccdce5b019d45a79df0dd77958ae,
        type: 3}
      propertyPath: m_OnClick.m_PersistentCalls.m_Calls.Array.data[0].m_MethodName
      value: ExecuteEvent
      objectReference: {fileID: 0}
    - target: {fileID: 6703041626514483191, guid: 32d9ccdce5b019d45a79df0dd77958ae,
        type: 3}
      propertyPath: m_OnClick.m_PersistentCalls.m_Calls.Array.data[0].m_Mode
      value: 1
      objectReference: {fileID: 0}
    - target: {fileID: 6703041626514483191, guid: 32d9ccdce5b019d45a79df0dd77958ae,
        type: 3}
      propertyPath: m_OnClick.m_PersistentCalls.m_Calls.Array.data[0].m_Target
      value: 
      objectReference: {fileID: 11400000, guid: 94054c5d557ff6d40895ab5d809e1084,
        type: 2}
    - target: {fileID: 6703041626514483191, guid: 32d9ccdce5b019d45a79df0dd77958ae,
        type: 3}
      propertyPath: m_OnClick.m_PersistentCalls.m_Calls.Array.data[1].m_MethodName
      value: ExecuteEvent
      objectReference: {fileID: 0}
    - target: {fileID: 6703041626514483191, guid: 32d9ccdce5b019d45a79df0dd77958ae,
        type: 3}
      propertyPath: m_OnClick.m_PersistentCalls.m_Calls.Array.data[1].m_Arguments.m_ObjectArgumentAssemblyTypeName
      value: UnityEngine.Object, UnityEngine
      objectReference: {fileID: 0}
    - target: {fileID: 6703041626514483191, guid: 32d9ccdce5b019d45a79df0dd77958ae,
        type: 3}
      propertyPath: m_OnClick.m_PersistentCalls.m_Calls.Array.data[1].m_Target
      value: 
      objectReference: {fileID: 11400000, guid: 94ce167cd1e9ed743bee763563f6235c,
        type: 2}
    - target: {fileID: 7881460819457528378, guid: 32d9ccdce5b019d45a79df0dd77958ae,
        type: 3}
      propertyPath: m_OnClick.m_PersistentCalls.m_Calls.Array.size
      value: 2
      objectReference: {fileID: 0}
    - target: {fileID: 7881460819457528378, guid: 32d9ccdce5b019d45a79df0dd77958ae,
        type: 3}
      propertyPath: m_OnClick.m_PersistentCalls.m_Calls.Array.data[0].m_MethodName
      value: ExecuteEvent
      objectReference: {fileID: 0}
    - target: {fileID: 7881460819457528378, guid: 32d9ccdce5b019d45a79df0dd77958ae,
        type: 3}
      propertyPath: m_OnClick.m_PersistentCalls.m_Calls.Array.data[0].m_Mode
      value: 1
      objectReference: {fileID: 0}
    - target: {fileID: 7881460819457528378, guid: 32d9ccdce5b019d45a79df0dd77958ae,
        type: 3}
      propertyPath: m_OnClick.m_PersistentCalls.m_Calls.Array.data[0].m_Target
      value: 
      objectReference: {fileID: 11400000, guid: 2ef715af2a84d5348a7deaf50e3ac978,
        type: 2}
    - target: {fileID: 7881460819457528378, guid: 32d9ccdce5b019d45a79df0dd77958ae,
        type: 3}
      propertyPath: m_OnClick.m_PersistentCalls.m_Calls.Array.data[1].m_MethodName
      value: ExecuteEvent
      objectReference: {fileID: 0}
    - target: {fileID: 7881460819457528378, guid: 32d9ccdce5b019d45a79df0dd77958ae,
        type: 3}
      propertyPath: m_OnClick.m_PersistentCalls.m_Calls.Array.data[1].m_Arguments.m_ObjectArgumentAssemblyTypeName
      value: UnityEngine.Object, UnityEngine
      objectReference: {fileID: 0}
    - target: {fileID: 7881460819457528378, guid: 32d9ccdce5b019d45a79df0dd77958ae,
        type: 3}
      propertyPath: m_OnClick.m_PersistentCalls.m_Calls.Array.data[1].m_Target
      value: 
      objectReference: {fileID: 11400000, guid: 94ce167cd1e9ed743bee763563f6235c,
        type: 2}
    m_RemovedComponents: []
  m_SourcePrefab: {fileID: 100100000, guid: 32d9ccdce5b019d45a79df0dd77958ae, type: 3}
--- !u!1001 &727249287
PrefabInstance:
  m_ObjectHideFlags: 0
  serializedVersion: 2
  m_Modification:
    m_TransformParent: {fileID: 0}
    m_Modifications:
    - target: {fileID: 1188555313428882, guid: feaccda3ecd4e964db904ced63e00345, type: 3}
      propertyPath: m_Name
      value: BoxMessageManager
      objectReference: {fileID: 0}
    - target: {fileID: 4124726081917112, guid: feaccda3ecd4e964db904ced63e00345, type: 3}
      propertyPath: m_LocalPosition.x
      value: 392.7055
      objectReference: {fileID: 0}
    - target: {fileID: 4124726081917112, guid: feaccda3ecd4e964db904ced63e00345, type: 3}
      propertyPath: m_LocalPosition.y
      value: 238.83575
      objectReference: {fileID: 0}
    - target: {fileID: 4124726081917112, guid: feaccda3ecd4e964db904ced63e00345, type: 3}
      propertyPath: m_LocalPosition.z
      value: -3.1804776
      objectReference: {fileID: 0}
    - target: {fileID: 4124726081917112, guid: feaccda3ecd4e964db904ced63e00345, type: 3}
      propertyPath: m_LocalRotation.x
      value: 0
      objectReference: {fileID: 0}
    - target: {fileID: 4124726081917112, guid: feaccda3ecd4e964db904ced63e00345, type: 3}
      propertyPath: m_LocalRotation.y
      value: 0
      objectReference: {fileID: 0}
    - target: {fileID: 4124726081917112, guid: feaccda3ecd4e964db904ced63e00345, type: 3}
      propertyPath: m_LocalRotation.z
      value: 0
      objectReference: {fileID: 0}
    - target: {fileID: 4124726081917112, guid: feaccda3ecd4e964db904ced63e00345, type: 3}
      propertyPath: m_LocalRotation.w
      value: 1
      objectReference: {fileID: 0}
    - target: {fileID: 4124726081917112, guid: feaccda3ecd4e964db904ced63e00345, type: 3}
      propertyPath: m_RootOrder
      value: 5
      objectReference: {fileID: 0}
    - target: {fileID: 4124726081917112, guid: feaccda3ecd4e964db904ced63e00345, type: 3}
      propertyPath: m_LocalEulerAnglesHint.x
      value: 0
      objectReference: {fileID: 0}
    - target: {fileID: 4124726081917112, guid: feaccda3ecd4e964db904ced63e00345, type: 3}
      propertyPath: m_LocalEulerAnglesHint.y
      value: 0
      objectReference: {fileID: 0}
    - target: {fileID: 4124726081917112, guid: feaccda3ecd4e964db904ced63e00345, type: 3}
      propertyPath: m_LocalEulerAnglesHint.z
      value: 0
      objectReference: {fileID: 0}
    - target: {fileID: 114873341597040442, guid: feaccda3ecd4e964db904ced63e00345,
        type: 3}
      propertyPath: canvas
      value: 
      objectReference: {fileID: 2020246313}
    m_RemovedComponents: []
  m_SourcePrefab: {fileID: 100100000, guid: feaccda3ecd4e964db904ced63e00345, type: 3}
--- !u!1 &1147580090
GameObject:
  m_ObjectHideFlags: 0
  m_CorrespondingSourceObject: {fileID: 0}
  m_PrefabInstance: {fileID: 0}
  m_PrefabAsset: {fileID: 0}
  serializedVersion: 6
  m_Component:
  - component: {fileID: 1147580092}
  - component: {fileID: 1147580091}
  m_Layer: 0
  m_Name: DiccionarioIdiomas
  m_TagString: Untagged
  m_Icon: {fileID: 0}
  m_NavMeshLayer: 0
  m_StaticEditorFlags: 0
  m_IsActive: 1
--- !u!114 &1147580091
MonoBehaviour:
  m_ObjectHideFlags: 0
  m_CorrespondingSourceObject: {fileID: 0}
  m_PrefabInstance: {fileID: 0}
  m_PrefabAsset: {fileID: 0}
  m_GameObject: {fileID: 1147580090}
  m_Enabled: 1
  m_EditorHideFlags: 0
  m_Script: {fileID: 11500000, guid: 9f4a8c1f0c47faf4fa658243774e19cd, type: 3}
  m_Name: 
  m_EditorClassIdentifier: 
  arrayNombresArchivosDiccionarios:
  - textosEspanol
  - textosIngles
  - textosPotugues
  seOnDictionaryLoaded: {fileID: 11400000, guid: eaf2401c8d45ecc40bf99a9dca463540,
    type: 2}
  seOnButtonSelectSpanishAsIdiom: {fileID: 11400000, guid: 2ef715af2a84d5348a7deaf50e3ac978,
    type: 2}
  seOnButtonSelectEnglishAsIdiom: {fileID: 11400000, guid: 94054c5d557ff6d40895ab5d809e1084,
    type: 2}
--- !u!4 &1147580092
Transform:
  m_ObjectHideFlags: 0
  m_CorrespondingSourceObject: {fileID: 0}
  m_PrefabInstance: {fileID: 0}
  m_PrefabAsset: {fileID: 0}
  m_GameObject: {fileID: 1147580090}
  m_LocalRotation: {x: 0, y: 0, z: 0, w: 1}
  m_LocalPosition: {x: 560.6577, y: 180.577, z: 2.75}
  m_LocalScale: {x: 1, y: 1, z: 1}
  m_Children: []
  m_Father: {fileID: 0}
  m_RootOrder: 2
  m_LocalEulerAnglesHint: {x: 0, y: 0, z: 0}
--- !u!1 &1642714309
GameObject:
  m_ObjectHideFlags: 0
  m_CorrespondingSourceObject: {fileID: 0}
  m_PrefabInstance: {fileID: 0}
  m_PrefabAsset: {fileID: 0}
  serializedVersion: 6
  m_Component:
  - component: {fileID: 1642714311}
  - component: {fileID: 1642714310}
  m_Layer: 0
  m_Name: Seguridad
  m_TagString: Untagged
  m_Icon: {fileID: 0}
  m_NavMeshLayer: 0
  m_StaticEditorFlags: 0
  m_IsActive: 1
--- !u!114 &1642714310
MonoBehaviour:
  m_ObjectHideFlags: 0
  m_CorrespondingSourceObject: {fileID: 0}
  m_PrefabInstance: {fileID: 0}
  m_PrefabAsset: {fileID: 0}
  m_GameObject: {fileID: 1642714309}
  m_Enabled: 1
  m_EditorHideFlags: 0
  m_Script: {fileID: 11500000, guid: d34ebe06c0f485b40a5032825cc84e73, type: 3}
  m_Name: 
  m_EditorClassIdentifier: 
  soSecurityData: {fileID: 11400000, guid: b7bf4af24e1a0094881782249113c590, type: 2}
  soSecurityConfiguration: {fileID: 11400000, guid: 8d91999826e89df44939cd18c86c55bd,
    type: 2}
  seOnLoginInt: {fileID: 11400000, guid: dcf67716b0da33142a3570a2c810b780, type: 2}
  seOnInputsLogin4InputsCorrect: {fileID: 11400000, guid: 5563dbd52cbf03346b5cdc37001fc231,
    type: 2}
  seOnInputsLogin2InputsCorrect: {fileID: 11400000, guid: cb6a5fe36c81ebd49a6e8246bcd7cf30,
    type: 2}
  seOnPanelWellcomeClose: {fileID: 11400000, guid: 5fe0145c2cec948418b58f3abe5fc829,
    type: 2}
--- !u!4 &1642714311
Transform:
  m_ObjectHideFlags: 0
  m_CorrespondingSourceObject: {fileID: 0}
  m_PrefabInstance: {fileID: 0}
  m_PrefabAsset: {fileID: 0}
  m_GameObject: {fileID: 1642714309}
  m_LocalRotation: {x: 0, y: 0, z: 0, w: 1}
  m_LocalPosition: {x: 560.6577, y: 180.577, z: 2.75}
  m_LocalScale: {x: 1, y: 1, z: 1}
  m_Children: []
  m_Father: {fileID: 0}
  m_RootOrder: 3
  m_LocalEulerAnglesHint: {x: 0, y: 0, z: 0}
--- !u!1001 &1833346221
PrefabInstance:
  m_ObjectHideFlags: 0
  serializedVersion: 2
  m_Modification:
    m_TransformParent: {fileID: 2020246313}
    m_Modifications:
    - target: {fileID: 1258929950901762950, guid: ecdc1be4c59d9a245a6e8997ba2d71ea,
        type: 3}
      propertyPath: m_Name
      value: PanelLogin4Campos
      objectReference: {fileID: 0}
    - target: {fileID: 1258929950901762950, guid: ecdc1be4c59d9a245a6e8997ba2d71ea,
        type: 3}
      propertyPath: m_IsActive
      value: 0
      objectReference: {fileID: 0}
    - target: {fileID: 1324803239828340966, guid: ecdc1be4c59d9a245a6e8997ba2d71ea,
        type: 3}
      propertyPath: m_LocalPosition.x
      value: 0
      objectReference: {fileID: 0}
    - target: {fileID: 1324803239828340966, guid: ecdc1be4c59d9a245a6e8997ba2d71ea,
        type: 3}
      propertyPath: m_LocalPosition.y
      value: 0
      objectReference: {fileID: 0}
    - target: {fileID: 1324803239828340966, guid: ecdc1be4c59d9a245a6e8997ba2d71ea,
        type: 3}
      propertyPath: m_LocalPosition.z
      value: 0
      objectReference: {fileID: 0}
    - target: {fileID: 1324803239828340966, guid: ecdc1be4c59d9a245a6e8997ba2d71ea,
        type: 3}
      propertyPath: m_LocalRotation.x
      value: 0
      objectReference: {fileID: 0}
    - target: {fileID: 1324803239828340966, guid: ecdc1be4c59d9a245a6e8997ba2d71ea,
        type: 3}
      propertyPath: m_LocalRotation.y
      value: 0
      objectReference: {fileID: 0}
    - target: {fileID: 1324803239828340966, guid: ecdc1be4c59d9a245a6e8997ba2d71ea,
        type: 3}
      propertyPath: m_LocalRotation.z
      value: 0
      objectReference: {fileID: 0}
    - target: {fileID: 1324803239828340966, guid: ecdc1be4c59d9a245a6e8997ba2d71ea,
        type: 3}
      propertyPath: m_LocalRotation.w
      value: 1
      objectReference: {fileID: 0}
    - target: {fileID: 1324803239828340966, guid: ecdc1be4c59d9a245a6e8997ba2d71ea,
        type: 3}
      propertyPath: m_RootOrder
      value: 1
      objectReference: {fileID: 0}
    - target: {fileID: 1324803239828340966, guid: ecdc1be4c59d9a245a6e8997ba2d71ea,
        type: 3}
      propertyPath: m_LocalEulerAnglesHint.x
      value: 0
      objectReference: {fileID: 0}
    - target: {fileID: 1324803239828340966, guid: ecdc1be4c59d9a245a6e8997ba2d71ea,
        type: 3}
      propertyPath: m_LocalEulerAnglesHint.y
      value: 0
      objectReference: {fileID: 0}
    - target: {fileID: 1324803239828340966, guid: ecdc1be4c59d9a245a6e8997ba2d71ea,
        type: 3}
      propertyPath: m_LocalEulerAnglesHint.z
      value: 0
      objectReference: {fileID: 0}
    - target: {fileID: 1324803239828340966, guid: ecdc1be4c59d9a245a6e8997ba2d71ea,
        type: 3}
      propertyPath: m_AnchoredPosition.x
      value: 0
      objectReference: {fileID: 0}
    - target: {fileID: 1324803239828340966, guid: ecdc1be4c59d9a245a6e8997ba2d71ea,
        type: 3}
      propertyPath: m_AnchoredPosition.y
      value: 0
      objectReference: {fileID: 0}
    - target: {fileID: 1324803239828340966, guid: ecdc1be4c59d9a245a6e8997ba2d71ea,
        type: 3}
      propertyPath: m_SizeDelta.x
      value: 825
      objectReference: {fileID: 0}
    - target: {fileID: 1324803239828340966, guid: ecdc1be4c59d9a245a6e8997ba2d71ea,
        type: 3}
      propertyPath: m_SizeDelta.y
      value: 695
      objectReference: {fileID: 0}
    - target: {fileID: 1324803239828340966, guid: ecdc1be4c59d9a245a6e8997ba2d71ea,
        type: 3}
      propertyPath: m_AnchorMin.x
      value: 0.5
      objectReference: {fileID: 0}
    - target: {fileID: 1324803239828340966, guid: ecdc1be4c59d9a245a6e8997ba2d71ea,
        type: 3}
      propertyPath: m_AnchorMin.y
      value: 0.5
      objectReference: {fileID: 0}
    - target: {fileID: 1324803239828340966, guid: ecdc1be4c59d9a245a6e8997ba2d71ea,
        type: 3}
      propertyPath: m_AnchorMax.x
      value: 0.5
      objectReference: {fileID: 0}
    - target: {fileID: 1324803239828340966, guid: ecdc1be4c59d9a245a6e8997ba2d71ea,
        type: 3}
      propertyPath: m_AnchorMax.y
      value: 0.5
      objectReference: {fileID: 0}
    - target: {fileID: 1324803239828340966, guid: ecdc1be4c59d9a245a6e8997ba2d71ea,
        type: 3}
      propertyPath: m_Pivot.x
      value: 0.5
      objectReference: {fileID: 0}
    - target: {fileID: 1324803239828340966, guid: ecdc1be4c59d9a245a6e8997ba2d71ea,
        type: 3}
      propertyPath: m_Pivot.y
      value: 0.5
      objectReference: {fileID: 0}
    - target: {fileID: 1324996853230094906, guid: ecdc1be4c59d9a245a6e8997ba2d71ea,
        type: 3}
      propertyPath: m_AnchorMin.y
      value: 1
      objectReference: {fileID: 0}
    - target: {fileID: 1324996853230094906, guid: ecdc1be4c59d9a245a6e8997ba2d71ea,
        type: 3}
      propertyPath: m_AnchorMax.y
      value: 1
      objectReference: {fileID: 0}
    - target: {fileID: 1324996853230094906, guid: ecdc1be4c59d9a245a6e8997ba2d71ea,
        type: 3}
      propertyPath: m_AnchoredPosition.x
      value: 412.5
      objectReference: {fileID: 0}
    - target: {fileID: 1324996853230094906, guid: ecdc1be4c59d9a245a6e8997ba2d71ea,
        type: 3}
      propertyPath: m_AnchoredPosition.y
      value: -92.15997
      objectReference: {fileID: 0}
    - target: {fileID: 6613773736659591927, guid: ecdc1be4c59d9a245a6e8997ba2d71ea,
        type: 3}
      propertyPath: m_AnchorMin.y
      value: 1
      objectReference: {fileID: 0}
    - target: {fileID: 6613773736659591927, guid: ecdc1be4c59d9a245a6e8997ba2d71ea,
        type: 3}
      propertyPath: m_AnchorMax.y
      value: 1
      objectReference: {fileID: 0}
    - target: {fileID: 6613773736659591927, guid: ecdc1be4c59d9a245a6e8997ba2d71ea,
        type: 3}
      propertyPath: m_AnchoredPosition.x
      value: 412.5
      objectReference: {fileID: 0}
    - target: {fileID: 6613773736659591927, guid: ecdc1be4c59d9a245a6e8997ba2d71ea,
        type: 3}
      propertyPath: m_AnchoredPosition.y
      value: -220.07997
      objectReference: {fileID: 0}
    - target: {fileID: 1452471948760242630, guid: ecdc1be4c59d9a245a6e8997ba2d71ea,
        type: 3}
      propertyPath: m_AnchorMin.y
      value: 1
      objectReference: {fileID: 0}
    - target: {fileID: 1452471948760242630, guid: ecdc1be4c59d9a245a6e8997ba2d71ea,
        type: 3}
      propertyPath: m_AnchorMax.y
      value: 1
      objectReference: {fileID: 0}
    - target: {fileID: 1452471948760242630, guid: ecdc1be4c59d9a245a6e8997ba2d71ea,
        type: 3}
      propertyPath: m_AnchoredPosition.x
      value: 412.5
      objectReference: {fileID: 0}
    - target: {fileID: 1452471948760242630, guid: ecdc1be4c59d9a245a6e8997ba2d71ea,
        type: 3}
      propertyPath: m_AnchoredPosition.y
      value: -312.99997
      objectReference: {fileID: 0}
    - target: {fileID: 4957366076329020523, guid: ecdc1be4c59d9a245a6e8997ba2d71ea,
        type: 3}
      propertyPath: m_AnchorMin.y
      value: 1
      objectReference: {fileID: 0}
    - target: {fileID: 4957366076329020523, guid: ecdc1be4c59d9a245a6e8997ba2d71ea,
        type: 3}
      propertyPath: m_AnchorMax.y
      value: 1
      objectReference: {fileID: 0}
    - target: {fileID: 4957366076329020523, guid: ecdc1be4c59d9a245a6e8997ba2d71ea,
        type: 3}
      propertyPath: m_AnchoredPosition.x
      value: 412.5
      objectReference: {fileID: 0}
    - target: {fileID: 4957366076329020523, guid: ecdc1be4c59d9a245a6e8997ba2d71ea,
        type: 3}
      propertyPath: m_AnchoredPosition.y
      value: -405.91998
      objectReference: {fileID: 0}
    - target: {fileID: 6170589948549946871, guid: ecdc1be4c59d9a245a6e8997ba2d71ea,
        type: 3}
      propertyPath: m_AnchorMin.y
      value: 1
      objectReference: {fileID: 0}
    - target: {fileID: 6170589948549946871, guid: ecdc1be4c59d9a245a6e8997ba2d71ea,
        type: 3}
      propertyPath: m_AnchorMax.y
      value: 1
      objectReference: {fileID: 0}
    - target: {fileID: 6170589948549946871, guid: ecdc1be4c59d9a245a6e8997ba2d71ea,
        type: 3}
      propertyPath: m_AnchoredPosition.x
      value: 412.5
      objectReference: {fileID: 0}
    - target: {fileID: 6170589948549946871, guid: ecdc1be4c59d9a245a6e8997ba2d71ea,
        type: 3}
      propertyPath: m_AnchoredPosition.y
      value: -498.84
      objectReference: {fileID: 0}
    - target: {fileID: 1325591882399429910, guid: ecdc1be4c59d9a245a6e8997ba2d71ea,
        type: 3}
      propertyPath: m_SizeDelta.x
      value: 315.65
      objectReference: {fileID: 0}
    - target: {fileID: 4154677115168831039, guid: ecdc1be4c59d9a245a6e8997ba2d71ea,
        type: 3}
      propertyPath: m_SizeDelta.x
      value: 86.68
      objectReference: {fileID: 0}
    - target: {fileID: 4154677115168831039, guid: ecdc1be4c59d9a245a6e8997ba2d71ea,
        type: 3}
      propertyPath: m_SizeDelta.y
      value: 33.52
      objectReference: {fileID: 0}
    - target: {fileID: 7587524642473911186, guid: ecdc1be4c59d9a245a6e8997ba2d71ea,
        type: 3}
      propertyPath: m_SizeDelta.x
      value: 125.01
      objectReference: {fileID: 0}
    - target: {fileID: 7587524642473911186, guid: ecdc1be4c59d9a245a6e8997ba2d71ea,
        type: 3}
      propertyPath: m_SizeDelta.y
      value: 33.52
      objectReference: {fileID: 0}
    - target: {fileID: 8656483105305899534, guid: ecdc1be4c59d9a245a6e8997ba2d71ea,
        type: 3}
      propertyPath: m_SizeDelta.x
      value: 151.66
      objectReference: {fileID: 0}
    - target: {fileID: 8656483105305899534, guid: ecdc1be4c59d9a245a6e8997ba2d71ea,
        type: 3}
      propertyPath: m_SizeDelta.y
      value: 33.52
      objectReference: {fileID: 0}
    - target: {fileID: 8523220024391945486, guid: ecdc1be4c59d9a245a6e8997ba2d71ea,
        type: 3}
      propertyPath: m_SizeDelta.x
      value: 111.7
      objectReference: {fileID: 0}
    - target: {fileID: 8523220024391945486, guid: ecdc1be4c59d9a245a6e8997ba2d71ea,
        type: 3}
      propertyPath: m_SizeDelta.y
      value: 33.52
      objectReference: {fileID: 0}
    - target: {fileID: 5445569073640134522, guid: ecdc1be4c59d9a245a6e8997ba2d71ea,
        type: 3}
      propertyPath: m_Colors.m_DisabledColor.r
      value: 1
      objectReference: {fileID: 0}
    - target: {fileID: 5445569073640134522, guid: ecdc1be4c59d9a245a6e8997ba2d71ea,
        type: 3}
      propertyPath: m_Colors.m_DisabledColor.g
      value: 1
      objectReference: {fileID: 0}
    - target: {fileID: 5445569073640134522, guid: ecdc1be4c59d9a245a6e8997ba2d71ea,
        type: 3}
      propertyPath: m_Colors.m_DisabledColor.b
      value: 1
      objectReference: {fileID: 0}
    - target: {fileID: 5445569073640134522, guid: ecdc1be4c59d9a245a6e8997ba2d71ea,
        type: 3}
      propertyPath: m_Colors.m_DisabledColor.a
      value: 1
      objectReference: {fileID: 0}
    - target: {fileID: 320428057315355723, guid: ecdc1be4c59d9a245a6e8997ba2d71ea,
        type: 3}
      propertyPath: m_Colors.m_DisabledColor.r
      value: 1
      objectReference: {fileID: 0}
    - target: {fileID: 320428057315355723, guid: ecdc1be4c59d9a245a6e8997ba2d71ea,
        type: 3}
      propertyPath: m_Colors.m_DisabledColor.g
      value: 1
      objectReference: {fileID: 0}
    - target: {fileID: 320428057315355723, guid: ecdc1be4c59d9a245a6e8997ba2d71ea,
        type: 3}
      propertyPath: m_Colors.m_DisabledColor.b
      value: 1
      objectReference: {fileID: 0}
    - target: {fileID: 320428057315355723, guid: ecdc1be4c59d9a245a6e8997ba2d71ea,
        type: 3}
      propertyPath: m_Colors.m_DisabledColor.a
      value: 1
      objectReference: {fileID: 0}
    - target: {fileID: 6095145156932188646, guid: ecdc1be4c59d9a245a6e8997ba2d71ea,
        type: 3}
      propertyPath: m_Colors.m_DisabledColor.r
      value: 1
      objectReference: {fileID: 0}
    - target: {fileID: 6095145156932188646, guid: ecdc1be4c59d9a245a6e8997ba2d71ea,
        type: 3}
      propertyPath: m_Colors.m_DisabledColor.g
      value: 1
      objectReference: {fileID: 0}
    - target: {fileID: 6095145156932188646, guid: ecdc1be4c59d9a245a6e8997ba2d71ea,
        type: 3}
      propertyPath: m_Colors.m_DisabledColor.b
      value: 1
      objectReference: {fileID: 0}
    - target: {fileID: 6095145156932188646, guid: ecdc1be4c59d9a245a6e8997ba2d71ea,
        type: 3}
      propertyPath: m_Colors.m_DisabledColor.a
      value: 1
      objectReference: {fileID: 0}
    - target: {fileID: 5041782845650053242, guid: ecdc1be4c59d9a245a6e8997ba2d71ea,
        type: 3}
      propertyPath: m_Colors.m_DisabledColor.r
      value: 1
      objectReference: {fileID: 0}
    - target: {fileID: 5041782845650053242, guid: ecdc1be4c59d9a245a6e8997ba2d71ea,
        type: 3}
      propertyPath: m_Colors.m_DisabledColor.g
      value: 1
      objectReference: {fileID: 0}
    - target: {fileID: 5041782845650053242, guid: ecdc1be4c59d9a245a6e8997ba2d71ea,
        type: 3}
      propertyPath: m_Colors.m_DisabledColor.b
      value: 1
      objectReference: {fileID: 0}
    - target: {fileID: 5041782845650053242, guid: ecdc1be4c59d9a245a6e8997ba2d71ea,
        type: 3}
      propertyPath: m_Colors.m_DisabledColor.a
      value: 1
      objectReference: {fileID: 0}
    - target: {fileID: 1166569950289761428, guid: ecdc1be4c59d9a245a6e8997ba2d71ea,
        type: 3}
      propertyPath: m_text
      value: Curso...
      objectReference: {fileID: 0}
    - target: {fileID: 1166569950289761428, guid: ecdc1be4c59d9a245a6e8997ba2d71ea,
        type: 3}
      propertyPath: m_textInfo.characterCount
      value: 9
      objectReference: {fileID: 0}
    - target: {fileID: 1166569950289761428, guid: ecdc1be4c59d9a245a6e8997ba2d71ea,
        type: 3}
      propertyPath: m_textInfo.spaceCount
      value: 1
      objectReference: {fileID: 0}
    - target: {fileID: 1166569950289761428, guid: ecdc1be4c59d9a245a6e8997ba2d71ea,
        type: 3}
      propertyPath: m_textInfo.wordCount
      value: 1
      objectReference: {fileID: 0}
    - target: {fileID: 5889050694355390629, guid: ecdc1be4c59d9a245a6e8997ba2d71ea,
        type: 3}
      propertyPath: m_text
      value: Institucion...
      objectReference: {fileID: 0}
    - target: {fileID: 5889050694355390629, guid: ecdc1be4c59d9a245a6e8997ba2d71ea,
        type: 3}
      propertyPath: m_firstOverflowCharacterIndex
      value: -1
      objectReference: {fileID: 0}
    - target: {fileID: 5889050694355390629, guid: ecdc1be4c59d9a245a6e8997ba2d71ea,
        type: 3}
      propertyPath: m_textInfo.characterCount
      value: 15
      objectReference: {fileID: 0}
    - target: {fileID: 5889050694355390629, guid: ecdc1be4c59d9a245a6e8997ba2d71ea,
        type: 3}
      propertyPath: m_textInfo.wordCount
      value: 2
      objectReference: {fileID: 0}
    - target: {fileID: 6904179405105360805, guid: ecdc1be4c59d9a245a6e8997ba2d71ea,
        type: 3}
      propertyPath: m_text
      value: Usuario...
      objectReference: {fileID: 0}
    - target: {fileID: 6904179405105360805, guid: ecdc1be4c59d9a245a6e8997ba2d71ea,
        type: 3}
      propertyPath: m_textInfo.characterCount
      value: 11
      objectReference: {fileID: 0}
    - target: {fileID: 6904179405105360805, guid: ecdc1be4c59d9a245a6e8997ba2d71ea,
        type: 3}
      propertyPath: m_firstOverflowCharacterIndex
      value: -1
      objectReference: {fileID: 0}
    - target: {fileID: 6904179405105360805, guid: ecdc1be4c59d9a245a6e8997ba2d71ea,
        type: 3}
      propertyPath: m_textInfo.wordCount
      value: 2
      objectReference: {fileID: 0}
    - target: {fileID: 6904179405105360805, guid: ecdc1be4c59d9a245a6e8997ba2d71ea,
        type: 3}
      propertyPath: m_textInfo.lineCount
      value: 1
      objectReference: {fileID: 0}
    - target: {fileID: 6904179405105360805, guid: ecdc1be4c59d9a245a6e8997ba2d71ea,
        type: 3}
      propertyPath: m_textInfo.pageCount
      value: 1
      objectReference: {fileID: 0}
    - target: {fileID: 4671447313255858489, guid: ecdc1be4c59d9a245a6e8997ba2d71ea,
        type: 3}
      propertyPath: m_text
      value: ID Curso...
      objectReference: {fileID: 0}
    - target: {fileID: 4671447313255858489, guid: ecdc1be4c59d9a245a6e8997ba2d71ea,
        type: 3}
      propertyPath: m_textInfo.characterCount
      value: 12
      objectReference: {fileID: 0}
    - target: {fileID: 4671447313255858489, guid: ecdc1be4c59d9a245a6e8997ba2d71ea,
        type: 3}
      propertyPath: m_textInfo.wordCount
      value: 3
      objectReference: {fileID: 0}
    - target: {fileID: 4671447313255858489, guid: ecdc1be4c59d9a245a6e8997ba2d71ea,
        type: 3}
      propertyPath: m_firstOverflowCharacterIndex
      value: -1
      objectReference: {fileID: 0}
    - target: {fileID: 371065159514308334, guid: ecdc1be4c59d9a245a6e8997ba2d71ea,
        type: 3}
      propertyPath: m_AnchoredPosition.y
      value: 2.8
      objectReference: {fileID: 0}
    - target: {fileID: 371065159514308334, guid: ecdc1be4c59d9a245a6e8997ba2d71ea,
        type: 3}
      propertyPath: m_SizeDelta.y
      value: 5.7
      objectReference: {fileID: 0}
    - target: {fileID: 4195104111175956822, guid: ecdc1be4c59d9a245a6e8997ba2d71ea,
        type: 3}
      propertyPath: m_AnchoredPosition.y
      value: 2.825
      objectReference: {fileID: 0}
    - target: {fileID: 4195104111175956822, guid: ecdc1be4c59d9a245a6e8997ba2d71ea,
        type: 3}
      propertyPath: m_SizeDelta.y
      value: 5.65
      objectReference: {fileID: 0}
    - target: {fileID: 1461423821412904818, guid: ecdc1be4c59d9a245a6e8997ba2d71ea,
        type: 3}
      propertyPath: m_AnchoredPosition.y
      value: 3.075
      objectReference: {fileID: 0}
    - target: {fileID: 1461423821412904818, guid: ecdc1be4c59d9a245a6e8997ba2d71ea,
        type: 3}
      propertyPath: m_SizeDelta.y
      value: 6.15
      objectReference: {fileID: 0}
    - target: {fileID: 3122766977977805002, guid: ecdc1be4c59d9a245a6e8997ba2d71ea,
        type: 3}
      propertyPath: m_AnchoredPosition.y
      value: 3.1
      objectReference: {fileID: 0}
    - target: {fileID: 3122766977977805002, guid: ecdc1be4c59d9a245a6e8997ba2d71ea,
        type: 3}
      propertyPath: m_SizeDelta.y
      value: 6.1
      objectReference: {fileID: 0}
    - target: {fileID: 1883221292183801970, guid: ecdc1be4c59d9a245a6e8997ba2d71ea,
        type: 3}
      propertyPath: m_AnchoredPosition.y
      value: 4.125
      objectReference: {fileID: 0}
    - target: {fileID: 1883221292183801970, guid: ecdc1be4c59d9a245a6e8997ba2d71ea,
        type: 3}
      propertyPath: m_SizeDelta.y
      value: 8.25
      objectReference: {fileID: 0}
    - target: {fileID: 2683233831521261514, guid: ecdc1be4c59d9a245a6e8997ba2d71ea,
        type: 3}
      propertyPath: m_AnchoredPosition.y
      value: 2.1
      objectReference: {fileID: 0}
    - target: {fileID: 2683233831521261514, guid: ecdc1be4c59d9a245a6e8997ba2d71ea,
        type: 3}
      propertyPath: m_SizeDelta.y
      value: 12.3
      objectReference: {fileID: 0}
    - target: {fileID: 6179612067488901955, guid: ecdc1be4c59d9a245a6e8997ba2d71ea,
        type: 3}
      propertyPath: m_AnchoredPosition.y
      value: 2.275
      objectReference: {fileID: 0}
    - target: {fileID: 6179612067488901955, guid: ecdc1be4c59d9a245a6e8997ba2d71ea,
        type: 3}
      propertyPath: m_SizeDelta.y
      value: 4.55
      objectReference: {fileID: 0}
    - target: {fileID: 7700079296317451515, guid: ecdc1be4c59d9a245a6e8997ba2d71ea,
        type: 3}
      propertyPath: m_AnchoredPosition.y
      value: 2.275
      objectReference: {fileID: 0}
    - target: {fileID: 7700079296317451515, guid: ecdc1be4c59d9a245a6e8997ba2d71ea,
        type: 3}
      propertyPath: m_SizeDelta.y
      value: 4.55
      objectReference: {fileID: 0}
    m_RemovedComponents: []
  m_SourcePrefab: {fileID: 100100000, guid: ecdc1be4c59d9a245a6e8997ba2d71ea, type: 3}
--- !u!224 &1833346222 stripped
RectTransform:
  m_CorrespondingSourceObject: {fileID: 1324803239828340966, guid: ecdc1be4c59d9a245a6e8997ba2d71ea,
    type: 3}
  m_PrefabInstance: {fileID: 1833346221}
  m_PrefabAsset: {fileID: 0}
--- !u!1 &2020246309
GameObject:
  m_ObjectHideFlags: 0
  m_CorrespondingSourceObject: {fileID: 0}
  m_PrefabInstance: {fileID: 0}
  m_PrefabAsset: {fileID: 0}
  serializedVersion: 6
  m_Component:
  - component: {fileID: 2020246313}
  - component: {fileID: 2020246312}
  - component: {fileID: 2020246311}
  - component: {fileID: 2020246310}
  m_Layer: 5
  m_Name: LoginCanvas
  m_TagString: Canvas
  m_Icon: {fileID: 0}
  m_NavMeshLayer: 0
  m_StaticEditorFlags: 0
  m_IsActive: 1
--- !u!114 &2020246310
MonoBehaviour:
  m_ObjectHideFlags: 0
  m_CorrespondingSourceObject: {fileID: 0}
  m_PrefabInstance: {fileID: 0}
  m_PrefabAsset: {fileID: 0}
  m_GameObject: {fileID: 2020246309}
  m_Enabled: 1
  m_EditorHideFlags: 0
  m_Script: {fileID: 1301386320, guid: f70555f144d8491a825f0804e09c671c, type: 3}
  m_Name: 
  m_EditorClassIdentifier: 
  m_IgnoreReversedGraphics: 1
  m_BlockingObjects: 0
  m_BlockingMask:
    serializedVersion: 2
    m_Bits: 4294967295
--- !u!114 &2020246311
MonoBehaviour:
  m_ObjectHideFlags: 0
  m_CorrespondingSourceObject: {fileID: 0}
  m_PrefabInstance: {fileID: 0}
  m_PrefabAsset: {fileID: 0}
  m_GameObject: {fileID: 2020246309}
  m_Enabled: 1
  m_EditorHideFlags: 0
  m_Script: {fileID: 1980459831, guid: f70555f144d8491a825f0804e09c671c, type: 3}
  m_Name: 
  m_EditorClassIdentifier: 
  m_UiScaleMode: 1
  m_ReferencePixelsPerUnit: 100
  m_ScaleFactor: 1
  m_ReferenceResolution: {x: 1920, y: 1080}
  m_ScreenMatchMode: 0
  m_MatchWidthOrHeight: 1
  m_PhysicalUnit: 3
  m_FallbackScreenDPI: 96
  m_DefaultSpriteDPI: 96
  m_DynamicPixelsPerUnit: 1
--- !u!223 &2020246312
Canvas:
  m_ObjectHideFlags: 0
  m_CorrespondingSourceObject: {fileID: 0}
  m_PrefabInstance: {fileID: 0}
  m_PrefabAsset: {fileID: 0}
  m_GameObject: {fileID: 2020246309}
  m_Enabled: 1
  serializedVersion: 3
  m_RenderMode: 0
  m_Camera: {fileID: 0}
  m_PlaneDistance: 100
  m_PixelPerfect: 0
  m_ReceivesEvents: 1
  m_OverrideSorting: 0
  m_OverridePixelPerfect: 0
  m_SortingBucketNormalizedSize: 0
  m_AdditionalShaderChannelsFlag: 25
  m_SortingLayerID: 0
  m_SortingOrder: 100
  m_TargetDisplay: 0
--- !u!224 &2020246313
RectTransform:
  m_ObjectHideFlags: 0
  m_CorrespondingSourceObject: {fileID: 0}
  m_PrefabInstance: {fileID: 0}
  m_PrefabAsset: {fileID: 0}
  m_GameObject: {fileID: 2020246309}
  m_LocalRotation: {x: 0, y: 0, z: 0, w: 1}
  m_LocalPosition: {x: 0, y: 0, z: 0}
  m_LocalScale: {x: 0, y: 0, z: 0}
  m_Children:
  - {fileID: 427016782}
  - {fileID: 1833346222}
  - {fileID: 2141580646}
  m_Father: {fileID: 0}
  m_RootOrder: 0
  m_LocalEulerAnglesHint: {x: 0, y: 0, z: 0}
  m_AnchorMin: {x: 0, y: 0}
  m_AnchorMax: {x: 0, y: 0}
  m_AnchoredPosition: {x: 0, y: 0}
  m_SizeDelta: {x: 0, y: 0}
  m_Pivot: {x: 0, y: 0}
--- !u!224 &2141580646 stripped
RectTransform:
  m_CorrespondingSourceObject: {fileID: 6477686905777479851, guid: 32d9ccdce5b019d45a79df0dd77958ae,
    type: 3}
  m_PrefabInstance: {fileID: 514485881}
  m_PrefabAsset: {fileID: 0}
